%%http://dirtytorrents.com/torrents/?recent=New

\aap{Astronomy \& Astrophysics}
\apj{The Astrophysical Journal}
\mnras{Monthly Notices of the Royal Astronomical Society}
\apjl{Astrophysical Journal, Letters}
\apjs{Astrophysical Journal Supplement Series)
\nar{New Astronomy Reviews}
\prd{Physical Review D}
\procspie{Proceedings of the SPIE}
\pasa{Publications of the Astronomical Society of Australia}
\prl{Physical Review Letters}

%\PoS{Proceedings of Science}

%%
%% added references
@inproceedings{teh1988image,
  title={On image analysis by the methods of moments},
  author={Teh, C-H and Chin, Roland T},
  booktitle={Proceedings CVPR'88: The Computer Society Conference on Computer Vision and Pattern Recognition},
  pages={556--561},
  year={1988},
  organization={IEEE}
}
%%
@INPROCEEDINGS{1414392, 
author={ {Chong-Yaw Wee} and R. {Paramesran} and F. {Takeda}}, 
booktitle={2004 IEEE Region 10 Conference TENCON 2004.}, 
title={Bootstrap model order selection of Zernike polynomial expansion for classification of rice}, 
year={2004}, 
volume={A}, 
number={}, 
pages={203-206 Vol. 1}, 
keywords={Zernike polynomials;image classification;image representation;method of moments;bootstrapping;image sampling;prediction theory;Zernike polynomial expansion;rice grain image classification;image representation;rotational invariant property;bootstrap model order selection method;image resampling;prediction criterion;Polynomials}, 
doi={10.1109/TENCON.2004.1414392}, 
ISSN={}, 
month={Nov},
}
%%
@article{khotanzad1990classification,
  title={Classification of invariant image representations using a neural network},
  author={Khotanzad, Alireza and Lu, J-H},
  journal={IEEE Transactions on Acoustics, Speech, and Signal Processing},
  volume={38},
  number={6},
  pages={1028--1038},
  year={1990},
  publisher={IEEE}
}
%%
@INPROCEEDINGS{7569541, 
author={D. {Sudarvizhi}}, 
booktitle={2016 International Conference on Recent Trends in Information Technology (ICRTIT)}, 
title={Feature based image retrieval system using Zernike moments and Daubechies Wavelet Transform}, 
year={2016}, 
volume={}, 
number={}, 
pages={1-6}, 
keywords={discrete wavelet transforms;feature extraction;image classification;image retrieval;indexing;Zernike polynomials;feature-based image retrieval system;Zernike moments;Daubechies wavelet transform;image processing;image classification;automatic indexing;DWT;features extraction;discrete wavelet transform;Image color analysis;Feature extraction;Image retrieval;Histograms;Discrete wavelet transforms;Image processing;local features;daubechies wavelet transform;Zernike moments;image retrieval}, 
doi={10.1109/ICRTIT.2016.7569541}, 
ISSN={}, 
month={April},}
%%
@INPROCEEDINGS{6243926, 
author={H. {Norhazman} and N. A. {Jalil}}, 
booktitle={2012 Sixth Asia Modelling Symposium}, 
title={Image Reconstruction Using Zernike Moment and Discrete Cosine Transform: A Comparison}, 
year={2012}, 
volume={}, 
number={}, 
pages={81-86}, 
keywords={discrete cosine transforms;Gaussian noise;image denoising;image reconstruction;inverse transforms;Zernike polynomials;image reconstruction;image reproduction;image quality;ZM;DCT;noise environment;gray scale images;binary images;salt and pepper noises;Gaussian noises;random noises;corrupted images;inverse Zernike moment;inverse discrete cosine transform;peak signal to noise ratio;PSNR;image pixel;Image reconstruction;Discrete cosine transforms;PSNR;Noise level;Gaussian noise;Feature extraction;Discrete Cosine Transform;Zernike Moments;Salt and pepper noise;Gaussian noise;Random noise;Peak Signal to Noise Ratio}, 
doi={10.1109/AMS.2012.45}, 
ISSN={2376-1164}, 
month={May},}

@ARTICLE{482029, 
author={Y. {Rahmat-Samii} and L. I. {Williams} and R. G. {Yaccarino}}, 
journal={IEEE Antennas and Propagation Magazine}, 
title={The UCLA bi-polar planar-near-field antenna-measurement and diagnostics range}, 
year={1995}, 
volume={37}, 
number={6}, 
pages={16-35}, 
keywords={antenna testing;test facilities;antenna radiation patterns;microwave antenna arrays;antenna arrays;UCLA bi-polar planar-near-field antenna-measurement and diagnostics range;Electrical Engineering Department;Engineering IV;antenna-measurement research activities;Antenna measurements;Microwave antennas;Satellite antennas;Microwave measurements;Reflector antennas;Slot antennas;Electric variables measurement;Microwave devices;Integrated circuit modeling;Particle measurements}, 
doi={10.1109/74.482029}, 
ISSN={1045-9243}, 
month={Dec},}
%%
@INPROCEEDINGS{8251376, 
author={S. {Amin} and B. {Ahmed} and M. {Amin} and M. I. {Abbasi} and A. {Elahi} and U. {Aftab}}, 
booktitle={2017 IEEE Asia Pacific Microwave Conference (APMC)}, 
title={Establishment of boundaries for near-field, fresnel and Fraunhofer-field regions}, 
year={2017}, 
volume={}, 
number={}, 
pages={57-60}, 
keywords={electric impedance;electromagnetism;geometry;waves;Fraunhofer-field regions;spatial phase difference;electric fields;magnetic fields;temporal phase difference changes;far-field region;free space impedance;phase difference theories;field distance;wave impedance theory;Phase difference theory states;Fresnel region;NEC;numerical electromagnetics code;MATLAB;antenna geometry;radiating near field;reactive near field region;Impedance;Antenna theory;Dipole antennas;MATLAB;Geometry;Electromagnetics;Reactive near-field;radiating near-field;far-field;antenna and propagation;wave impedance;phase difference;conjugate matching}, 
doi={10.1109/APMC.2017.8251376}, 
ISSN={}, 
month={Nov},}
%

@ARTICLE{2008PhRvL.100i1303C,
       author = {{Chang}, Tzu-Ching and {Pen}, Ue-Li and {Peterson}, Jeffrey B. and
         {McDonald}, Patrick},
        title = "{Baryon Acoustic Oscillation Intensity Mapping of Dark Energy}",
      journal = {\prl},
     keywords = {95.36.+x, 98.80.Es, Dark energy, Observational cosmology, Astrophysics},
         year = "2008",
        month = "Mar",
       volume = {100},
       number = {9},
          eid = {091303},
        pages = {091303},
          doi = {10.1103/PhysRevLett.100.091303},
archivePrefix = {arXiv},
       eprint = {0709.3672},
 primaryClass = {astro-ph},
       adsurl = {https://ui.adsabs.harvard.edu/abs/2008PhRvL.100i1303C},
      adsnote = {Provided by the SAO/NASA Astrophysics Data System}
}

@article{chang2010intensity,
  title={An intensity map of hydrogen 21-cm emission at redshift zâ‰ˆ 0.8},
  author={Chang, Tzu-Ching and Pen, Ue-Li and Bandura, Kevin and Peterson, Jeffrey B},
  journal={Nature},
  volume={466},
  number={7305},
  pages={463},
  year={2010},
  publisher={Nature Publishing Group}
}

@ARTICLE{1999astro.ph..2201S,
       author = {{Smoot}, George F.},
        title = "{Synchrotron Radiation as CMB Foreground}",
      journal = {arXiv e-prints},
     keywords = {Astrophysics},
         year = "1999",
        month = "Feb",
          eid = {astro-ph/9902201},
        pages = {astro-ph/9902201},
archivePrefix = {arXiv},
       eprint = {astro-ph/9902201},
 primaryClass = {astro-ph},
       adsurl = {https://ui.adsabs.harvard.edu/\#abs/1999astro.ph..2201S},
      adsnote = {Provided by the SAO/NASA Astrophysics Data System}
}


%%
@ARTICLE{2015MNRAS.451.4311R,
       author = {{Remazeilles}, M. and {Dickinson}, C. and {Banday}, A.~J. and
         {Bigot-Sazy}, M. -A. and {Ghosh}, T.},
        title = "{An improved source-subtracted and destriped 408-MHz all-sky map}",
      journal = {\mnras},
     keywords = {methods: data analysis, techniques: image processing, diffuse radiation, radio continuum: general, Astrophysics - Instrumentation and Methods for Astrophysics, Astrophysics - Cosmology and Nongalactic Astrophysics, Astrophysics - Astrophysics of Galaxies},
         year = "2015",
        month = "Aug",
       volume = {451},
        pages = {4311-4327},
          doi = {10.1093/mnras/stv1274},
archivePrefix = {arXiv},
       eprint = {1411.3628},
 primaryClass = {astro-ph.IM},
       adsurl = {https://ui.adsabs.harvard.edu/\#abs/2015MNRAS.451.4311R},
      adsnote = {Provided by the SAO/NASA Astrophysics Data System}
}


%%
@ARTICLE{2018ApJ...855...29H,
       author = {{Herron}, C.~A. and {Burkhart}, Blakesley and {Gaensler}, B.~M. and
         {Lewis}, G.~F. and {McClure-Griffiths}, N.~M. and {Bernardi}, G. and
         {Carretti}, E. and {Haverkorn}, M. and {Kesteven}, M. and {Poppi}, S. and
         {Staveley-Smith}, L.},
        title = "{Advanced Diagnostics for the Study of Linearly Polarized Emission. II. Application to Diffuse Interstellar Radio Synchrotron Emission}",
      journal = {\apj},
     keywords = {ISM: magnetic fields, ISM: structure, magnetohydrodynamics: MHD, polarization, techniques: polarimetric, Astrophysics - Astrophysics of Galaxies, Astrophysics - Instrumentation and Methods for Astrophysics},
         year = "2018",
        month = "Mar",
       volume = {855},
          eid = {29},
        pages = {29},
          doi = {10.3847/1538-4357/aaafd0},
archivePrefix = {arXiv},
       eprint = {1802.05403},
 primaryClass = {astro-ph.GA},
       adsurl = {https://ui.adsabs.harvard.edu/\#abs/2018ApJ...855...29H},
      adsnote = {Provided by the SAO/NASA Astrophysics Data System}
}

%% 78
@misc{lightman1979radiative,
  title={Radiative Processes in Astrophysics Wiley Interscience},
  author={Lightman, AP},
  year={1979},
  publisher={John Wiley \& Sons ISBN 0-471-82759-2}
}

@book{fleisch2008student,
  title={A student's guide to Maxwell's equations},
  author={Fleisch, Daniel},
  year={2008},
  publisher={Cambridge University Press}
}


@article{Murphy:2010kk,
      author         = "Murphy, Eric J.",
      title          = "{Identifying Variations to the IMF at High-$z$ Through
                        Deep Radio Surveys}",
      journal        = "ASP Conf. Ser.",
      volume         = "440",
      year           = "2011",
      pages          = "361",
      eprint         = "1009.1666",
      archivePrefix  = "arXiv",
      primaryClass   = "astro-ph.CO",
      SLACcitation   = "%%CITATION = ARXIV:1009.1666;%%"
}

@article{hampshire2018derivation,
  title={A derivation of Maxwell's equations using the Heaviside notation},
  author={Hampshire, Damian P},
  journal={Philosophical Transactions of the Royal Society A: Mathematical, Physical and Engineering Sciences},
  volume={376},
  number={2134},
  pages={20170447},
  year={2018},
  publisher={The Royal Society Publishing}
}

% R18
 @ARTICLE{1995ApJ...446..457S,
   author = {{Santiago}, B.~X. and {Strauss}, M.~A. and {Lahav}, O. and {Davis}, M. and 
	{Dressler}, A. and {Huchra}, J.~P.},
    title = "{The Optical Redshift Survey: Sample Selection and the Galaxy Distribution}",
  journal = {\apj},
   eprint = {astro-ph/9406049},
 keywords = {COSMOLOGY: OBSERVATIONS, GALAXIES: CLUSTERS: GENERAL, GALAXIES: DISTANCES AND REDSHIFTS, SURVEYS},
     year = 1995,
    month = jun,
   volume = 446,
    pages = {457},
      doi = {10.1086/175805},
   adsurl = {http://adsabs.harvard.edu/abs/1995ApJ...446..457S},
  adsnote = {Provided by the SAO/NASA Astrophysics Data System}
}


% R19
@ARTICLE{1996ApJ...461...38S,
   author = {{Santiago}, B.~X. and {Strauss}, M.~A. and {Lahav}, O. and {Davis}, M. and 
	{Dressler}, A. and {Huchra}, J.~P.},
    title = "{The Optical Redshift Survey. II. Derivation of the Luminosity and Diameter Functions and of the Density Field}",
  journal = {\apj},
   eprint = {astro-ph/9511005},
 keywords = {ISM: DUST, EXTINCTION, GALAXIES: DISTANCES AND REDSHIFTS, GALAXIES: FUNDAMENTAL PARAMETERS, GALAXIES: LUMINOSITY FUNCTION, MASS FUNCTION, GALAXIES: PHOTOMETRY},
     year = 1996,
    month = apr,
   volume = 461,
    pages = {38},
      doi = {10.1086/177036},
   adsurl = {http://adsabs.harvard.edu/abs/1996ApJ...461...38S},
  adsnote = {Provided by the SAO/NASA Astrophysics Data System}
}


@incollection{klessen2016physical,
  title={Physical processes in the interstellar medium},
  author={Klessen, Ralf S and Glover, Simon CO},
  booktitle={Star Formation in Galaxy Evolution: Connecting Numerical Models to Reality},
  pages={85--249},
  year={2016},
  publisher={Springer}
}

@article{knee2001massive,
  title={A massive cloud of cold atomic hydrogen in the outer Galaxy},
  author={Knee, Lewis BG and Brunt, Christopher M},
  journal={Nature},
  volume={412},
  number={6844},
  pages={308},
  year={2001},
  publisher={Nature Publishing Group}
}

@article{lakshminarayanan2011zernike,
  title={Zernike polynomials: a guide},
  author={Lakshminarayanan, Vasudevan and Fleck, Andre},
  journal={Journal of Modern Optics},
  volume={58},
  number={7},
  pages={545--561},
  year={2011},
  publisher={Taylor \& Francis}
}

@ARTICLE{2018MNRAS.475.1477P,
       author = {{Padmanabhan}, Hamsa},
        title = "{Constraining the CO intensity mapping power spectrum at intermediate redshifts}",
      journal = {\mnras},
     keywords = {cosmology: theory, diffuse radiation, large scale structure of universe, Astrophysics - Astrophysics of Galaxies, Astrophysics - Cosmology and Nongalactic Astrophysics},
         year = 2018,
        month = Apr,
       volume = {475},
        pages = {1477-1484},
          doi = {10.1093/mnras/stx3250},
archivePrefix = {arXiv},
       eprint = {1706.01471},
 primaryClass = {astro-ph.GA},
       adsurl = {https://ui.adsabs.harvard.edu/\#abs/2018MNRAS.475.1477P},
      adsnote = {Provided by the SAO/NASA Astrophysics Data System}
}
@article{Ade:2015xua,
      author         = "Ade, P. A. R. and others",
      title          = "{Planck 2015 results. XIII. Cosmological parameters}",
      collaboration  = "Planck",
      journal        = "Astron. Astrophys.",
      volume         = "594",
      year           = "2016",
      pages          = "A13",
      doi            = "10.1051/0004-6361/201525830",
      eprint         = "1502.01589",
      archivePrefix  = "arXiv",
      primaryClass   = "astro-ph.CO",
      SLACcitation   = "%%CITATION = ARXIV:1502.01589;%%"
}

@ARTICLE{2011ApJ...728L..46G,
   author = {{Gong}, Y. and {Cooray}, A. and {Silva}, M.~B. and {Santos}, M.~G. and 
	{Lubin}, P.},
    title = "{Probing Reionization with Intensity Mapping of Molecular and Fine-structure Lines}",
  journal = {\apjl},
archivePrefix = "arXiv",
   eprint = {1101.2892},
 keywords = {cosmology: theory, diffuse radiation, galaxies: starburst, radio lines: galaxies},
     year = 2011,
    month = feb,
   volume = 728,
      eid = {L46},
    pages = {L46},
      doi = {10.1088/2041-8205/728/2/L46},
   adsurl = {http://adsabs.harvard.edu/abs/2011ApJ...728L..46G},
  adsnote = {Provided by the SAO/NASA Astrophysics Data System}
}

%% ***********************************************************************************************************************
%
%% ****** CHAPTER 1 ******************
@INPROCEEDINGS{7303206, 
author={T. D. Carozzi}, 
booktitle={2015 1st URSI Atlantic Radio Science Conference (URSI AT-RASC)}, 
title={Intrinsic cross-polarization ratio (IXR) for antenna arrays and improving polarimetry via polarization diversity}, 
year={2015}, 
volume={}, 
number={}, 
pages={1-1}, 
keywords={}, 
doi={10.1109/URSI-AT-RASC.2015.7303206}, 
ISSN={}, 
month={May},}
%%
@article{carozzi2011fundamental,
  title={A fundamental figure of merit for radio polarimeters},
  author={Carozzi, TD and Woan, G},
  journal={IEEE Transactions on Antennas and Propagation},
  volume={59},
  number={6},
  pages={2058--2065},
  year={2011},
  publisher={IEEE}
}
%%
@INPROCEEDINGS{2018AAS...23121503S,
   author = {{Schediwy}, S. and {Gozzard}, D. and {Stobie}, S. and {Gravestock}, C. and 
	{Whitaker}, R. and {Alachkar}, B. and {Malan}, S. and {Boven}, P. and 
	{Grainge}, K.},
    title = "{Phase Synchronization for the Mid-Frequency Square Kilometre Array Telescope}",
booktitle = {American Astronomical Society Meeting Abstracts \#231},
     year = 2018,
   series = {American Astronomical Society Meeting Abstracts},
   volume = 231,
    month = jan,
      eid = {215.03},
    pages = {215.03},
   adsurl = {http://adsabs.harvard.edu/abs/2018AAS...23121503S},
  adsnote = {Provided by the SAO/NASA Astrophysics Data System}
}
%%

@ARTICLE{2018arXiv180511455S,
       author = {{Schediwy}, Sascha and {Gozzard}, David and {Gravestock}, Charles and
        {Stobie}, Simon and {Whitaker}, Richard and {Malan}, Jocias and
        {Boven}, Paul and {Grainge}, Keith},
        title = "{The Mid-Frequency Square Kilometre Array Phase Synchronisation System}",
      journal = {arXiv e-prints},
     keywords = {Astrophysics - Instrumentation and Methods for Astrophysics},
         year = 2018,
        month = May,
          eid = {arXiv:1805.11455},
        pages = {arXiv:1805.11455},
archivePrefix = {arXiv},
       eprint = {1805.11455},
 primaryClass = {astro-ph.IM},
       adsurl = {https://ui.adsabs.harvard.edu/\#abs/2018arXiv180511455S},
      adsnote = {Provided by the SAO/NASA Astrophysics Data System}
}

@inproceedings{vermij2014exascale,
  title={Exascale Radio Astronomy: Can We Ride the Technology Wave?},
  author={Vermij, Erik and Fiorin, Leandro and Hagleitner, Christoph and Bertels, Koen},
  booktitle={International Supercomputing Conference},
  pages={35--52},
  year={2014},
  organization={Springer}
}

@article{chai2016experiments,
  title={Experiments on the dish verification antenna china for the SKA},
  author={Chai, Xiaoming and Liu, Bin and Yu, Lei and Yu, Shenghua and Wu, Di and Liu, Lijia},
  journal={Experimental Astronomy},
  volume={42},
  number={3},
  pages={301--317},
  year={2016},
  publisher={Springer}
}


%% 91

@article{dewdney2015ska1,
  title={SKA1 system baseline V2 description},
  author={Dewdney, Peter and Turner, W and Braun, R and Santander-Vela, J and Waterson, M and Tan, GH},
  journal={SKA document SKA-TEL-SKO-0000308},
  year={2015}
}

@INPROCEEDINGS{8105424, 
author={M. G. Labate and R. Braun and P. Dewdney and M. Waterson and J. Wagg}, 
booktitle={2017 XXXIInd General Assembly and Scientific Symposium of the International Union of Radio Science (URSI GASS)}, 
title={SKA1-LOW: Design and scientific objectives}, 
year={2017}, 
volume={}, 
number={}, 
pages={1-4}, 
keywords={aperture antennas;microwave antenna arrays;radiotelescopes;UHF antennas;radio telescope systems;SKA1-LOW telescope;scientific objectives;SKA1 radio telescope;radio astronomy;aperture-array;frequency 50.0 MHz to 350.0 MHz;frequency 0.35 GHz to 13.8 GHz;Calibration;Telescopes;Timing;Process control;Array signal processing;Antenna arrays}, 
doi={10.23919/URSIGASS.2017.8105424}, 
ISSN={}, 
month={Aug},
}

@ARTICLE{2012ApJ...745...49G,
   author = {{Gong}, Y. and {Cooray}, A. and {Silva}, M. and {Santos}, M.~G. and 
	{Bock}, J. and {Bradford}, C.~M. and {Zemcov}, M.},
    title = "{Intensity Mapping of the [C II] Fine Structure Line during the Epoch of Reionization}",
  journal = {\apj},
archivePrefix = "arXiv",
   eprint = {1107.3553},
 keywords = {cosmology: theory, diffuse radiation, intergalactic medium, large-scale structure of universe},
     year = 2012,
    month = jan,
   volume = 745,
      eid = {49},
    pages = {49},
      doi = {10.1088/0004-637X/745/1/49},
   adsurl = {http://adsabs.harvard.edu/abs/2012ApJ...745...49G},
  adsnote = {Provided by the SAO/NASA Astrophysics Data System}
}
 
@ARTICLE{2015ApJ...806..209S,
   author = {{Silva}, M. and {Santos}, M.~G. and {Cooray}, A. and {Gong}, Y.
	},
    title = "{Prospects for Detecting C II Emission during the Epoch of Reionization}",
  journal = {\apj},
archivePrefix = "arXiv",
   eprint = {1410.4808},
 keywords = {galaxies: high-redshift, galaxies: ISM, galaxies: luminosity function, mass function, large-scale structure of universe, quasars: emission lines},
     year = 2015,
    month = jun,
   volume = 806,
      eid = {209},
    pages = {209},
      doi = {10.1088/0004-637X/806/2/209},
   adsurl = {http://adsabs.harvard.edu/abs/2015ApJ...806..209S},
  adsnote = {Provided by the SAO/NASA Astrophysics Data System}
}
 
%%
@ARTICLE{2015MNRAS.450.3829Y,
   author = {{Yue}, B. and {Ferrara}, A. and {Pallottini}, A. and {Gallerani}, S. and 
	{Vallini}, L.},
    title = "{Intensity mapping of [C II] emission from early galaxies}",
  journal = {\mnras},
archivePrefix = "arXiv",
   eprint = {1504.06530},
 keywords = {galaxies: high-redshift, dark ages, reionization, first stars, diffuse radiation, radio lines: galaxies},
     year = 2015,
    month = jul,
   volume = 450,
    pages = {3829-3839},
      doi = {10.1093/mnras/stv933},
   adsurl = {http://adsabs.harvard.edu/abs/2015MNRAS.450.3829Y},
  adsnote = {Provided by the SAO/NASA Astrophysics Data System}
}
%%
@ARTICLE{2017MNRAS.464..469S,
   author = {{Stark}, D.~P. and {Ellis}, R.~S. and {Charlot}, S. and {Chevallard}, J. and 
	{Tang}, M. and {Belli}, S. and {Zitrin}, A. and {Mainali}, R. and 
	{Gutkin}, J. and {Vidal-Garc{\'{\i}}a}, A. and {Bouwens}, R. and 
	{Oesch}, P.},
    title = "{Ly{$\alpha$} and C III] emission in z = 7-9 Galaxies: accelerated reionization around luminous star-forming systems?}",
  journal = {\mnras},
archivePrefix = "arXiv",
   eprint = {1606.01304},
 keywords = {galaxies: evolution, galaxies: formation, galaxies: high-redshift, cosmology: observations},
     year = 2017,
    month = jan,
   volume = 464,
    pages = {469-479},
      doi = {10.1093/mnras/stw2233},
   adsurl = {http://adsabs.harvard.edu/abs/2017MNRAS.464..469S},
  adsnote = {Provided by the SAO/NASA Astrophysics Data System}
}
%%
@article{Tapken:2007ja,
      author         = "Tapken, Christian and Appenzeller, I. and Noll, S. and
                        Richling, S. and Heidt, J. and Meinkoehn, E. and Mehlert,
                        D.",
      title          = "{Lyman-alpha emission in high-redshift galaxies}",
      journal        = "Astron. Astrophys.",
      year           = "2007",
      doi            = "10.1051/0004-6361:20065825",
      note           = "[Astron. Astrophys.467,63(2007)]",
      eprint         = "astro-ph/0702414",
      archivePrefix  = "arXiv",
      primaryClass   = "ASTRO-PH",
      SLACcitation   = "%%CITATION = ASTRO-PH/0702414;%%"
}
%%
@ARTICLE{2015ApJ...810L..12Z,
   author = {{Zitrin}, A. and {Labb{\'e}}, I. and {Belli}, S. and {Bouwens}, R. and 
	{Ellis}, R.~S. and {Roberts-Borsani}, G. and {Stark}, D.~P. and 
	{Oesch}, P.~A. and {Smit}, R.},
    title = "{Lyman{$\alpha$} Emission from a Luminous z = 8.68 Galaxy: Implications for Galaxies as Tracers of Cosmic Reionization}",
  journal = {\apjl},
archivePrefix = "arXiv",
   eprint = {1507.02679},
 keywords = {cosmology: observations, galaxies: evolution, galaxies: formation, galaxies: high-redshift},
     year = 2015,
    month = sep,
   volume = 810,
      eid = {L12},
    pages = {L12},
      doi = {10.1088/2041-8205/810/1/L12},
   adsurl = {http://adsabs.harvard.edu/abs/2015ApJ...810L..12Z},
  adsnote = {Provided by the SAO/NASA Astrophysics Data System}
}
%%
@article{Lidz:2011dx,
      author         = "Lidz, Adam and Furlanetto, Steven R. and Oh, S. Peng and
                        Aguirre, James and Chang, Tzu-Ching and Dore, Olivier and
                        Pritchard, Jonathan R.",
      title          = "{Intensity Mapping with Carbon Monoxide Emission Lines
                        and the Redshifted 21 cm Line}",
      journal        = "Astrophys. J.",
      volume         = "741",
      year           = "2011",
      pages          = "70",
      doi            = "10.1088/0004-637X/741/2/70",
      eprint         = "1104.4800",
      archivePrefix  = "arXiv",
      primaryClass   = "astro-ph.CO",
      SLACcitation   = "%%CITATION = ARXIV:1104.4800;%%"
}
%%
@article{padmanabhan2017constraining,
  title={Constraining the CO intensity mapping power spectrum at intermediate redshifts},
  author={Padmanabhan, Hamsa},
  journal={arXiv preprint arXiv:1706.01471},
  year={2017}
}
%%
@article{vallini2017co,
  title={CO line emission from galaxies in the Epoch of Reionization},
  author={Vallini, Livia and Pallottini, A and Ferrara, A and Gallerani, S and Sobacchi, E and Behrens, C},
  journal={Monthly Notices of the Royal Astronomical Society},
  volume={473},
  number={1},
  pages={271--285},
  year={2017},
  publisher={Oxford University Press}
}
%%

%%
%@book{miller1998,
%  author       = { Miller, F. D.}, 
%  title        = {Basics of Radio Astronomy for the Goldstone-Apple Valley Radio Telescope},
%  year         = 1998,
% publisher = "California Institute of Technology",
%    address   = "Pasadena, California",
% } 
 
@book{condon2016essential,
  title={Essential radio astronomy},
  author={Condon, James J and Ransom, Scott M},
  year={2016},
  publisher={Princeton University Press}
}

 @book{ferrara2008first,
  title={First Light in the Universe. Saas-Fee Advanced Course},
  author={Ferrara, A and Ellis, RS},
  year={2008},
  publisher={Springer}
}
@book{wilson2009tools,
  author       = {Thomas L. {Wilson} and  Kristen {Rohlfs} and Susanne {H{\"u}ttemeister} }, 
  title        = {Tools of Radio Astronomy},
  year         = 2009,  
 publisher = "Springer-Verlag",
    address   = "Berlin, Germany"
 }
 
 @book{wilson2013tools,
  title={Tools of radio astronomy},
  author={Thomas L. {Wilson} and  Kristen {Rohlfs} and Susanne {H{\"u}ttemeister} },
  year={2013},
  publisher={Springer Science \& Business Media}
  address   = "Berlin, Germany"
}

 
% @book{kutner2003astronomy,
%  title={Astronomy: A physical perspective},
%  author={Kutner, Marc L},
%  year={2003},
%  publisher={Cambridge University Press}
%}

%@article{peterson200921,
%  title={21 cm intensity mapping},
%  author={Peterson, Jeffrey B and Aleksan, Roy and Ansari, Reza and Bandura, Kevin and Bond, Dick and Bunton, John and Carlson, Kermit and Chang, Tzu-Ching and DeJongh, Fritz and Dobbs, Matt and others},
%  journal={arXiv preprint arXiv:0902.3091},
%  year={2009}
%}
%2009astro2010S.234P
@INPROCEEDINGS{2009astro2010S.234P,
       author = {{Peterson}, Jeffrey B. and {Aleksan}, Roy and {Ansari}, R{\'e}za and
        {Bandura}, Kevin and {Bond}, Dick and {Bunton}, John and {Carlson}, Kermit and {Chang}, Tzu-Ching and others},
        title = "{21-cm Intensity Mapping}",
     keywords = {Astrophysics - Instrumentation and Methods for Astrophysics, Astrophysics - Cosmology and Extragalactic Astrophysics},
    booktitle = {astro2010: The Astronomy and Astrophysics Decadal Survey},
         year = 2009,
       volume = {2010},
        month = Jan,
        pages = {234},
archivePrefix = {arXiv},
       eprint = {0902.3091},
 primaryClass = {astro-ph.IM},
       adsurl = {https://ui.adsabs.harvard.edu/\#abs/2009astro2010S.234P},
      adsnote = {Provided by the SAO/NASA Astrophysics Data System}
}

@inproceedings{camera2014cosmology,
  title={Cosmology on the largest scales with intensity mapping},
  author={Camera, Stefano and Santos, M{\'a}rio G and Ferreira, Pedro G and Maartens, Roy},
  booktitle={Journal of Physics: Conference Series},
  volume={566},
  number={1},
  pages={012004},
  year={2014},
  organization={IOP Publishing}
}

@ARTICLE{2015aska.confE..35W,
   author = {{Wolz}, L. and {Abdalla}, F.~B. and {Alonso}, D. and {Blake}, C. and 
	{Bull}, P. and {Chang}, T.~C. and {Ferreira}, P. and {Kuo}, C.~Y. and 
	{Santos}, M. and {Shaw}, J.~R.},
    title = "{Foreground Subtraction in Intensity Mapping with the SKA}",
  journal = {Advancing Astrophysics with the Square Kilometre Array (AASKA14)},
archivePrefix = "arXiv",
   eprint = {1501.03823},
     year = 2015,
      eid = {35},
    pages = {35},
   adsurl = {http://adsabs.harvard.edu/abs/2015aska.confE..35W},
  adsnote = {Provided by the SAO/NASA Astrophysics Data System}
}
%% R14
@ARTICLE{2014MNRAS.441.3271W,
   author = {{Wolz}, L. and {Abdalla}, F.~B. and {Blake}, C. and {Shaw}, J.~R. and 
	{Chapman}, E. and {Rawlings}, S.},
    title = "{The effect of foreground subtraction on cosmological measurements from intensity mapping}",
  journal = {\mnras},
archivePrefix = "arXiv",
   eprint = {1310.8144},
 keywords = {methods: statistical, cosmological parameters, large-scale structure of Universe, radio lines: galaxies},
     year = 2014,
    month = jul,
   volume = 441,
    pages = {3271-3283},
      doi = {10.1093/mnras/stu792},
   adsurl = {http://adsabs.harvard.edu/abs/2014MNRAS.441.3271W},
  adsnote = {Provided by the SAO/NASA Astrophysics Data System}
}

@ARTICLE{2010arXiv1008.2871G,
   author = {{Garrett}, M.~A. and others},
    title = "{Square Kilometre Array: a concept design for Phase 1}",
  journal = {ArXiv e-prints},
archivePrefix = "arXiv",
   eprint = {1008.2871},
 primaryClass = "astro-ph.IM",
 keywords = {Astrophysics - Instrumentation and Methods for Astrophysics},
     year = 2010,
    month = aug,
   adsurl = {http://adsabs.harvard.edu/abs/2010arXiv1008.2871G},
  adsnote = {Provided by the SAO/NASA Astrophysics Data System}
}

%%
@article{battye2013h,
  title={HI intensity mapping: a single dish approach},
  author={Battye, RA and others},
  journal={\mnras},
  volume={434},
  number={2},
  pages={1239--1256},
  year={2013},
  publisher={The Royal Astronomical Society}
}

@article{calabretta2007mapping,
  title={Mapping on the HEALPix grid},
  author={Calabretta, Mark R and Roukema, Boudewijn F},
  journal={\mnras},
  volume={381},
  number={2},
  pages={865--872},
  year={2007},
  publisher={The Royal Astronomical Society}
}


@inproceedings{newburgh2014calibrating,
  title={Calibrating CHIME: a new radio interferometer to probe dark energy},
  author={Newburgh, Laura B and Addison, Graeme E and Amiri, Mandana and Bandura, Kevin and Bond, J Richard and Connor, Liam and Cliche, Jean-Fran{\c{c}}ois and Davis, Greg and Deng, Meiling and Denman, Nolan and others},
  booktitle={Ground-based and Airborne Telescopes V},
  volume={9145},
  pages={91454V},
  year={2014},
  organization={International Society for Optics and Photonics}
}

@ARTICLE{2010ISPM...27...30W,
   author = {{Wijnholds}, S. and {van der Tol}, S. and {Nijboer}, R. and 
	{van der Veen}, A.-J.},
    title = "{Calibration challenges for future radio telescopes}",
  journal = {IEEE Signal Processing Magazine},
archivePrefix = "arXiv",
   eprint = {1004.0156},
 primaryClass = "astro-ph.IM",
     year = 2010,
    month = jan,
   volume = 27,
    pages = {30-42},
      doi = {10.1109/MSP.2009.934853},
   adsurl = {http://adsabs.harvard.edu/abs/2010ISPM...27...30W},
  adsnote = {Provided by the SAO/NASA Astrophysics Data System}
}

@ARTICLE{2015MNRAS.447..400A,
   author = {{Alonso}, D. and {Bull}, P. and {Ferreira}, P.~G. and {Santos}, M.~G.
	},
    title = "{Blind foreground subtraction for intensity mapping experiments}",
  journal = {\mnras},
archivePrefix = "arXiv",
   eprint = {1409.8667},
 keywords = {methods: statistical, large-scale structure of universe, radio lines: galaxies},
     year = 2015,
    month = feb,
   volume = 447,
    pages = {400-416},
      doi = {10.1093/mnras/stu2474},
   adsurl = {http://adsabs.harvard.edu/abs/2015MNRAS.447..400A},
  adsnote = {Provided by the SAO/NASA Astrophysics Data System}
}

@ARTICLE{2013ApJ...773...38G,
   author = {{Gu}, J. and {Xu}, H. and {Wang}, J. and {An}, T. and {Chen}, W.
	},
    title = "{The Application of Continuous Wavelet Transform Based Foreground Subtraction Method in 21 cm Sky Surveys}",
  journal = {\apj},
archivePrefix = "arXiv",
   eprint = {1306.5378},
 keywords = {cosmology: theory, dark ages, reionization, first stars, methods: data analysis, radio lines: general},
     year = 2013,
    month = aug,
   volume = 773,
      eid = {38},
    pages = {38},
      doi = {10.1088/0004-637X/773/1/38},
   adsurl = {http://adsabs.harvard.edu/abs/2013ApJ...773...38G},
  adsnote = {Provided by the SAO/NASA Astrophysics Data System}
}

@article{yatawatta2013initial,
  title={Initial deep LOFAR observations of epoch of reionization windows-I. The north celestial pole},
  author={Yatawatta, S and De Bruyn, AG and Brentjens, Michiel A and Labropoulos, Panos and Pandey, VN and Kazemi, S and Zaroubi, Saleem and Koopmans, LVE and Offringa, AR and Jeli{\'c}, Vibor and others},
  journal={Astronomy \& Astrophysics},
  volume={550},
  pages={A136},
  year={2013},
  publisher={EDP Sciences}
}


@ARTICLE{2011A&A...527A.106S,
   author = {{Smirnov}, O.~M.},
    title = "{Revisiting the radio interferometer measurement equation. I. A full-sky Jones formalism}",
  journal = {\aap},
archivePrefix = "arXiv",
   eprint = {1101.1764},
 primaryClass = "astro-ph.IM",
 keywords = {methods: numerical, methods: analytical, methods: data analysis, techniques: interferometric, techniques: polarimetric},
     year = 2011,
    month = mar,
   volume = 527,
      eid = {A106},
    pages = {A106},
      doi = {10.1051/0004-6361/201016082},
   adsurl = {http://adsabs.harvard.edu/abs/2011A%26A...527A.106S},
  adsnote = {Provided by the SAO/NASA Astrophysics Data System}
}


@inproceedings{6051208,
author={A. J. Faulkner},
booktitle={2011 XXXth URSI General Assembly and Scientific Symposium},
title={Dense aperture arrays for the Square Kilometre Array},
year={2011},
volume={},
number={},
pages={1-4},
keywords={astronomical image processing;calibration;radiotelescopes;receivers;dense aperture arrays;Square Kilometre Array;Aperture phased arrays;SKA;phased array stations;very high survey speeds;multibeaming;receiver element;calibration;digital processing;roadmapping;Aperture Array Verification Program;AAVP;sparse low frequency array;frequency 70 MHz to 450 MHz;Phased arrays;Sensitivity;Arrays;Receivers;Array signal processing;Apertures;Calibration},
doi={10.1109/URSIGASS.2011.6051208},
ISSN={},
month={Aug},}

@article{doi:10.1093/mnras/stv1107,
author = {Asad, K. M. B. and others},
title = {Polarization leakage in epoch of reionization windows â€“ I. Low Frequency Array observations of the 3C196 field},
journal = {\mnras},
volume = {451},
number = {4},
pages = {3709-3727},
year = {2015},
doi = {10.1093/mnras/stv1107},
URL = { + http://dx.doi.org/10.1093/mnras/stv1107},
eprint = {/oup/backfile/content_public/journal/mnras/451/4/10.1093/mnras/stv1107/2/stv1107.pdf}
}




@ARTICLE{2008PhRvL.100p1301L,
   author = {{Loeb}, A. and {Wyithe}, J.~S.~B.},
    title = "{Possibility of Precise Measurement of the Cosmological Power Spectrum with a Dedicated Survey of 21cm Emission after Reionization}",
  journal = {Physical Review Letters},
archivePrefix = "arXiv",
   eprint = {0801.1677},
 keywords = {Observational cosmology, Radio telescopes and instrumentation, heterodyne receivers, Radio microwave},
     year = 2008,
    month = apr,
   volume = 100,
   number = 16,
      eid = {161301},
    pages = {161301},
      doi = {10.1103/PhysRevLett.100.161301},
   adsurl = {http://adsabs.harvard.edu/abs/2008PhRvL.100p1301L},
  adsnote = {Provided by the SAO/NASA Astrophysics Data System}
}

%% ****** CHAPTER 1 ******************

%% ****** CHAPTER 2 ******************
@book{Balanis2005,
  author       = { Balanis, C. A.}, 
  title        = {Antenna Theory Analysis and Design},
  year         = 2005,
 publisher = "John Wiley \& Sons, Inc",
 address   = "Hoboken, New Jersey"},
 } 


@book{Kraus1966,
  author       = {Kraus, J. D.}, 
  title        = {Radio Astronomy},
  year         = 1966,
 publisher = "McGraw-Hill, Inc",
 address   = "New York"},
 } 
 
 
 @ARTICLE{2009arXiv0910.2865A,
   author = {{Armstrong}, R.~P. and {Zarb Adami}, K. and {Jones}, M.~E.},
    title = "{A Wideband, Four-Element, All-Digital Beamforming System for Dense Aperture Arrays in Radio Astronomy}",
  journal = {ArXiv e-prints},
archivePrefix = "arXiv",
   eprint = {0910.2865},
 primaryClass = "astro-ph.IM",
 keywords = {Astrophysics - Instrumentation and Methods for Astrophysics},
     year = 2009,
    month = oct,
   adsurl = {http://adsabs.harvard.edu/abs/2009arXiv0910.2865A},
  adsnote = {Provided by the SAO/NASA Astrophysics Data System}
}

@ARTICLE{2000astro.ph..8239L,
   author = {{Leshem}, A. and {van der Veen}, A.-J.},
    title = "{Radio astronomical imaging in the presence of strong radio interference}",
  journal = {ArXiv Astrophysics e-prints},
   eprint = {astro-ph/0008239},
 keywords = {Astrophysics},
     year = 2000,
    month = aug,
   adsurl = {http://adsabs.harvard.edu/abs/2000astro.ph..8239L},
  adsnote = {Provided by the SAO/NASA Astrophysics Data System}
}

@ARTICLE{2008ISTSP...2..613W,
   author = {{Wijnholds}, S.~J. and {van der Veen}, A.-J.},
    title = "{Fundamental Imaging Limits of Radio Telescope Arrays}",
  journal = {IEEE Journal of Selected Topics in Signal Processing},
archivePrefix = "arXiv",
   eprint = {1003.2307},
 primaryClass = "astro-ph.IM",
     year = 2008,
    month = nov,
   volume = 2,
    pages = {613-623},
      doi = {10.1109/JSTSP.2008.2004216},
   adsurl = {http://adsabs.harvard.edu/abs/2008ISTSP...2..613W},
  adsnote = {Provided by the SAO/NASA Astrophysics Data System}
}
 
 @ARTICLE{2008ISTSP...2..670B,
   author = {{Ben-David}, C. and {Leshem}, A.},
    title = "{Parametric High Resolution Techniques for Radio Astronomical Imaging}",
  journal = {IEEE Journal of Selected Topics in Signal Processing},
archivePrefix = "arXiv",
   eprint = {0807.4852},
     year = 2008,
    month = oct,
   volume = 2,
    pages = {670-684},
      doi = {10.1109/JSTSP.2008.2005318},
   adsurl = {http://adsabs.harvard.edu/abs/2008ISTSP...2..670B},
  adsnote = {Provided by the SAO/NASA Astrophysics Data System}
}

@ARTICLE{2010arXiv1008.5066L,
   author = {{Levanda}, R. and {Leshem}, A.},
    title = "{Adaptive selective sidelobe canceller beamformer with applications in radio astronomy}",
  journal = {ArXiv e-prints},
archivePrefix = "arXiv",
   eprint = {1008.5066},
 primaryClass = "astro-ph.IM",
 keywords = {Astrophysics - Instrumentation and Methods for Astrophysics},
     year = 2010,
    month = aug,
   adsurl = {http://adsabs.harvard.edu/abs/2010arXiv1008.5066L},
  adsnote = {Provided by the SAO/NASA Astrophysics Data System}
}


@ARTICLE{2005RaSc...40.5S11M,
   author = {{Mitchell}, D.~A. and {Robertson}, J.~G.},
    title = "{Reference antenna techniques for canceling radio frequency interference due to moving sources}",
  journal = {Radio Science},
archivePrefix = "arXiv",
   eprint = {1003.5997},
 primaryClass = "astro-ph.IM",
 keywords = {Electromagnetics: Instruments and techniques, Electromagnetics: Signal processing and adaptive antennas (6974), Radio Science: Electromagnetic noise and interference, Radio Science: Interferometry (1207, 1209, 1242), Radio Science: Radio astronomy},
     year = 2005,
    month = jul,
   volume = 40,
      eid = {RS5S11},
    pages = {RS5S11},
      doi = {10.1029/2004RS003152},
   adsurl = {http://adsabs.harvard.edu/abs/2005RaSc...40.5S11M},
  adsnote = {Provided by the SAO/NASA Astrophysics Data System}
}

@ARTICLE{2008arXiv0809.0208Y,
   author = {{Yatawatta}, S.},
    title = "{Subspace Techniques for Radio-Astronomical Data Enhancement}",
  journal = {ArXiv e-prints},
archivePrefix = "arXiv",
   eprint = {0809.0208},
 keywords = {Astrophysics},
     year = 2008,
    month = sep,
   adsurl = {http://adsabs.harvard.edu/abs/2008arXiv0809.0208Y},
  adsnote = {Provided by the SAO/NASA Astrophysics Data System}
}


@ARTICLE{2015PASA...32...17W,
   author = {{Woodburn}, L. and {Natusch}, T. and {Weston}, S. and {Thomasson}, P. and 
	{Godwin}, M. and {Granet}, C. and {Gulyaev}, S.},
    title = "{Conversion of a New Zealand 30-Metre Telecommunications Antenna into a Radio Telescope}",
  journal = {\pasa},
archivePrefix = "arXiv",
   eprint = {1407.3346},
 primaryClass = "astro-ph.IM",
 keywords = {telescopes, instrumentation: interferometers, masers, astrometry},
     year = 2015,
    month = may,
   volume = 32,
      eid = {e017},
    pages = {e017},
      doi = {10.1017/pasa.2015.13},
   adsurl = {http://adsabs.harvard.edu/abs/2015PASA...32...17W},
  adsnote = {Provided by the SAO/NASA Astrophysics Data System}
}

@ARTICLE{2015A&A...573A..99D,
   author = {{Duev}, D.~A. and {Zakhvatkin}, M.~V. and {Stepanyants}, V.~A. and 
	{Molera Calv{\'e}s}, G. and {Pogrebenko}, S.~V. and {Gurvits}, L.~I. and 
	{Cim{\`o}}, G. and {Bocanegra Baham{\'o}n}, T.~M.},
    title = "{RadioAstron as a target and as an instrument: Enhancing the Space VLBI mission's scientific output}",
  journal = {\aap},
archivePrefix = "arXiv",
   eprint = {1411.4576},
 primaryClass = "astro-ph.IM",
 keywords = {astrometry, techniques: interferometric, instrumentation: interferometers, instrumentation: miscellaneous},
     year = 2015,
    month = jan,
   volume = 573,
      eid = {A99},
    pages = {A99},
      doi = {10.1051/0004-6361/201424940},
   adsurl = {http://adsabs.harvard.edu/abs/2015A%26A...573A..99D},
  adsnote = {Provided by the SAO/NASA Astrophysics Data System}
}

@ARTICLE{2012MNRAS.427L..90R,
   author = {{Roy}, J. and {Bhattacharyya}, B. and {Gupta}, Y.},
    title = "{A multi-pixel beamformer using an interferometric array and its application to the localization of newly discovered pulsars}",
  journal = {\mnras},
archivePrefix = "arXiv",
   eprint = {1209.3858},
 primaryClass = "astro-ph.IM",
 keywords = {instrumentation: interferometers, techniques: interferometric, pulsars: individual: PSR J1544+4937, pulsars: individual: PSR J1536-4948},
     year = 2012,
    month = nov,
   volume = 427,
    pages = {L90-L94},
      doi = {10.1111/j.1745-3933.2012.01351.x},
   adsurl = {http://adsabs.harvard.edu/abs/2012MNRAS.427L..90R},
  adsnote = {Provided by the SAO/NASA Astrophysics Data System}
}

@article{deng2017observing,
  title={Observing Pulsars with a Phased Array Feed at the Parkes Telescope},
  author={Deng, X and Chippendale, AP and Hobbs, G and Johnston, S and Dai, S and George, D and Kramer, M and Karuppusamy, R and Malenta, M and Spitler, L and others},
  journal={Publications of the Astronomical Society of Australia},
  volume={34},
  year={2017},
  publisher={Cambridge University Press}
  
@inproceedings{6051207,
author={W. van Cappellen and J. G. B. de Vaate and K. Warnick and B. Veidt and R. Gough and C. Jackson and N. Roddis},
booktitle={2011 XXXth URSI General Assembly and Scientific Symposium},
title={Phased array feeds for the Square Kilometre Array},
year={2011},
volume={},
number={},
pages={1-4},
keywords={radiotelescopes;reflector antennas;Phased Array Feed;Square Kilometre Array;multiple instantaneous beams;reflector antenna;PAF;radio telescopes;radio astronomy;radio survey instrument;Arrays;Feeds;Calibration;Radio astronomy;Telescopes;Noise},
doi={10.1109/URSIGASS.2011.6051207},
ISSN={},
month={Aug},}
}

%
@inproceedings{garrett2013radio,
  title={Radio astronomy transformed: Aperture arraysâ€”Past, present and future},
  author={Garrett, Michael A},
  booktitle={AFRICON, 2013},
  pages={1--5},
  year={2013},
  organization={IEEE}
}

@article{parsons2010precision,
  title={The precision array for probing the epoch of re-ionization: Eight station results},
  author={Parsons, Aaron R and Backer, Donald C and Foster, Griffin S and Wright, Melvyn CH and Bradley, Richard F and Gugliucci, Nicole E and Parashare, Chaitali R and Benoit, Erin E and Aguirre, James E and Jacobs, Daniel C and others},
  journal={The Astronomical Journal},
  volume={139},
  number={4},
  pages={1468},
  year={2010},
  publisher={IOP Publishing}
}

%https://katcr.co/new
@TECHREPORT{techreport-minimal3,
   author = {Foster, G.},
   title = {Required Instrumentation Information for Interferometrists and Radio Astronomers},
   institution = {RATT, Department of Physics and Electronics, Rhodes University},
   year = 2015,
   type = " Research Report",
   number = "",
}

@TECHREPORT{Gaylard2012,
   author = {Gaylard, M.},  
   title = {Radio Astronomy with a Single-Dish Radio Telescope},
   institution = {Hartebeesthoek Radio Astronomy Observatory},
   year = 2012,
   type = " ",
   number = " ",
}

@book{Thompson2001,
    author    = "Thompson, A. R. and Moran, J.M and Swenson, G.W", 
    title     = "Interferometry and Synthesis in Radio Astronomy, 2nd edition",
    year      = "2001",
    publisher = "John Wiley \& Sons Inc.",
    %address   = "New York, US"    
 } 
 
@article{1974Thompson,
author = {Thompson, A. R. and Bracewell, R. N},
title = {Interpolation and Fourier Transformation of Fringe Visibilities},
journal = {Astro. J.},
volume = {79},
year = {1974},
month = ,
number = {1}, 
pages = {11--24}
}

@article{2009Rau,
author = {Rau, U. and Bhatnagar, S and Voronkov, M. A and Cornwell, T. J},
title = {Advances in Calibration and Imaging Techniques in Radio Interferometry},
journal = {Proc. IEEE},
volume = {97},
year = {2009},
month = ,
number = {}, 
pages = {1472--1481}
}

@article{hogbom1974aperture,
  title={Aperture synthesis with a non-regular distribution of interferometer baselines},
  author={H{\"o}gbom, JA},
  journal={Astronomy and Astrophysics Supplement Series},
  volume={15},
  pages={417},
  year={1974}
}

@article{carcamo2018multi,
  title={Multi-GPU maximum entropy image synthesis for radio astronomy},
  author={C{\'a}rcamo, Miguel and Rom{\'a}n, Pablo E and Casassus, Simon and Moral, Victor and Rannou, Fernando R},
  journal={Astronomy and computing},
  volume={22},
  pages={16--27},
  year={2018},
  publisher={Elsevier}
}

@inproceedings{ellingson2013design,
  title={Design and commissioning of the LWA1 radio telescope},
  author={Ellingson, SW and Craig, J and Dowell, J and Taylor, GB and Helmboldt, JF},
  booktitle={Phased Array Systems \& Technology, 2013 IEEE International Symposium on},
  pages={776--783},
  year={2013},
  organization={IEEE}
}

@ARTICLE{2009IEEEP..97.1497L,
       author = {{Lonsdale}, C.~J. and others},
        title = "{The Murchison Widefield Array: Design Overview}",
      journal = {IEEE Proceedings},
     keywords = {Astrophysics - Instrumentation and Methods for Astrophysics,
        Astrophysics - Cosmology and Nongalactic Astrophysics,
        Astrophysics - Solar and Stellar Astrophysics},
         year = 2009,
        month = Aug,
       volume = {97},
        pages = {1497-1506},
          doi = {10.1109/JPROC.2009.2017564},
archivePrefix = {arXiv},
       eprint = {0903.1828},
 primaryClass = {astro-ph.IM},
       adsurl = {https://ui.adsabs.harvard.edu/#abs/2009IEEEP..97.1497L},
      adsnote = {Provided by the SAO/NASA Astrophysics Data System}
}


@article{oosterloo2009apertif,
  title={Apertif-the focal-plane array system for the WSRT},
  author={Oosterloo, Tom and Verheijen, Marc and van Cappellen, Wim and Bakker, Laurens and Heald, George and Ivashina, Marianna},
  journal={arXiv preprint arXiv:0912.0093},
  year={2009}
}

@article{johnston2009science,
  title={Science with the Australian square kilometre array pathfinder (ASKAP)},
  author={Johnston, Simon and Feain, Ilana J and Gupta, Neeraj},
  journal={arXiv preprint arXiv:0903.4011},
  year={2009}
}

 %% ****** CHAPTER 2 ******************
 
% @article{Jelic:2008jg,
%      author         = "Jelic, Vibor and others",
%      title          = "{Foreground simulations for the LOFAR - Epoch of
%                        Reionization Experiment}",
%      journal        = "Mon. Not. Roy. Astron. Soc.",
%      volume         = "389",
%      year           = "2008",
%      pages          = "1319-1335",
%      doi            = "10.1111/j.1365-2966.2008.13634.x",
%      eprint         = "0804.1130",
%      archivePrefix  = "arXiv",
%      primaryClass   = "astro-ph",
%      SLACcitation   = "%%CITATION = ARXIV:0804.1130;%%"
%}

@ARTICLE{2016A&A...594A..10P,
   author = {{Planck Collaboration} and {Adam}, R. and {Ade}, P.~A.~R. and 
	{Aghanim}, N. and {Alves}, M.~I.~R. and {Arnaud}, M. and {Ashdown}, M. and 
	{Aumont}, J. and {Baccigalupi}, C. and {Banday}, A.~J. and et al.},
    title = "{Planck 2015 results. X. Diffuse component separation: Foreground maps}",
  journal = {\aap},
archivePrefix = "arXiv",
   eprint = {1502.01588},
 keywords = {ISM: general, cosmology: observations, polarization, cosmic background radiation, diffuse radiation, Galaxy: general},
     year = 2016,
    month = sep,
   volume = 594,
      eid = {A10},
    pages = {A10},
      doi = {10.1051/0004-6361/201525967},
   adsurl = {http://adsabs.harvard.edu/abs/2016A%26A...594A..10P},
  adsnote = {Provided by the SAO/NASA Astrophysics Data System}
}

@ARTICLE{2015MNRAS.447..400A,
   author = {{Alonso}, D. and {Bull}, P. and {Ferreira}, P.~G. and {Santos}, M.~G.
	},
    title = "{Blind foreground subtraction for intensity mapping experiments}",
  journal = {\mnras},
archivePrefix = "arXiv",
   eprint = {1409.8667},
 keywords = {methods: statistical, large-scale structure of universe, radio lines: galaxies},
     year = 2015,
    month = feb,
   volume = 447,
    pages = {400-416},
      doi = {10.1093/mnras/stu2474},
   adsurl = {http://adsabs.harvard.edu/abs/2015MNRAS.447..400A},
  adsnote = {Provided by the SAO/NASA Astrophysics Data System}
}

@ARTICLE{2010MNRAS.409.1647J,
   author = {{Jeli{\'c}}, V. and {Zaroubi}, S. and {Labropoulos}, P. and 
	{Bernardi}, G. and {de Bruyn}, A.~G. and {Koopmans}, L.~V.~E.
	},
    title = "{Realistic simulations of the Galactic polarized foreground: consequences for 21-cm reionization detection experiments}",
  journal = {\mnras},
archivePrefix = "arXiv",
   eprint = {1007.4135},
 keywords = {polarization, radiation mechanisms: non-thermal, instrumentation: interferometers, cosmology: observations, radio continuum: general},
     year = 2010,
    month = dec,
   volume = 409,
    pages = {1647-1659},
      doi = {10.1111/j.1365-2966.2010.17407.x},
   adsurl = {http://adsabs.harvard.edu/abs/2010MNRAS.409.1647J},
  adsnote = {Provided by the SAO/NASA Astrophysics Data System}
}


@INPROCEEDINGS{2015aska.confE..19S,
       author = {{Santos}, M. and and others},
        title = "{Cosmology from a SKA HI intensity mapping survey}",
     keywords = {Astrophysics - Cosmology and Nongalactic Astrophysics, Astrophysics -
        Instrumentation and Methods for Astrophysics, General Relativity
        and Quantum Cosmology},
    booktitle = {Advancing Astrophysics with the Square Kilometre Array (AASKA14)},
         year = 2015,
        month = Apr,
          eid = {19},
        pages = {19},
archivePrefix = {arXiv},
       eprint = {1501.03989},
 primaryClass = {astro-ph.CO},
       adsurl = {https://ui.adsabs.harvard.edu/\#abs/2015aska.confE..19S},
      adsnote = {Provided by the SAO/NASA Astrophysics Data System}
}


@ARTICLE{2014MNRAS.441.3271W,
   author = {{Wolz}, L. and {Abdalla}, F.~B. and {Blake}, C. and {Shaw}, J.~R. and 
	{Chapman}, E. and {Rawlings}, S.},
    title = "{The effect of foreground subtraction on cosmological measurements from intensity mapping}",
  journal = {\mnras},
archivePrefix = "arXiv",
   eprint = {1310.8144},
 keywords = {methods: statistical, cosmological parameters, large-scale structure of Universe, radio lines: galaxies},
     year = 2014,
    month = jul,
   volume = 441,
    pages = {3271-3283},
      doi = {10.1093/mnras/stu792},
   adsurl = {http://adsabs.harvard.edu/abs/2014MNRAS.441.3271W},
  adsnote = {Provided by the SAO/NASA Astrophysics Data System}
}

@inproceedings{GMIMS,
   author = {{Wolleben}, M. and {Landecker}, T.~L. and {Carretti}, E. and 
	{Dickey}, J.~M. and {Fletcher}, A. and {Gaensler}, B.~M. and 
	{Han}, J.~L. and {Haverkorn}, M. and {Leahy}, J.~P. and {McClure-Griffiths}, N.~M. and 
	{McConnell}, D. and {Reich}, W. and {Taylor}, A.~R.},
    title = "{GMIMS: the Global Magneto-Ionic Medium Survey}",
 keywords = {ISM: magnetic fields, ISM: structure, polarization},
booktitle = {Cosmic Magnetic Fields: From Planets, to Stars and Galaxies},
     year = 2009,
   series = {IAU Symposium},
   volume = 259,
archivePrefix = "arXiv",
   eprint = {0812.2450},
   editor = {{Strassmeier}, K.~G. and {Kosovichev}, A.~G. and {Beckman}, J.~E.
	},
    month = apr,
    pages = {89-90},
      doi = {10.1017/S1743921309030117},
   adsurl = {http://adsabs.harvard.edu/abs/2009IAUS..259...89W},
  adsnote = {Provided by the SAO/NASA Astrophysics Data System}
}

@ARTICLE{Wolleben2006,
   author = {{Wolleben}, M. and {Landecker}, T.~L. and {Reich}, W. and {Wielebinski}, R.
  },
    title = "{An absolutely calibrated survey of polarized emission from the northern sky at 1.4 GHz. Observations and data reduction}",
  journal = {\aap},
   eprint = {arXiv:astro-ph/0510456},
 keywords = {surveys, polarization, radio continuum: general, methods: observational, instrumentation: polarimeters, magnetic fields},
     year = 2006,
    month = mar,
   volume = 448,
    pages = {411-424},
      doi = {10.1051/0004-6361:20053851},
   adsurl = {http://adsabs.harvard.edu/abs/2006A%26A...448..411W},
  adsnote = {Provided by the SAO/NASA Astrophysics Data System}
}

@article{wolleben2010rotation,
  title={Rotation Measure Synthesis of Galactic Polarized Emission with the DRAO 26-m Telescope},
  author={Wolleben, M and Landecker, TL and Hovey, GJ and Messing, R and Davison, OS and House, NL and Somaratne, KHMS and Tashev, I},
  journal={The Astronomical Journal},
  volume={139},
  number={4},
  pages={1681},
  year={2010},
  publisher={IOP Publishing}
}


@ARTICLE{Testori2008,
   author = {{Testori}, J.~C. and {Reich}, P. and {Reich}, W.},
    title = "{A fully sampled {$\lambda$}21 cm linear polarization survey of the southern sky}",
  journal = {\aap},
 keywords = {polarization, radiation mechanisms: non-thermal, ISM: magnetic fields},
     year = 2008,
    month = jun,
   volume = 484,
    pages = {733-742},
      doi = {10.1051/0004-6361:20078842},
   adsurl = {http://adsabs.harvard.edu/abs/2008A%26A...484..733T},
  adsnote = {Provided by the SAO/NASA Astrophysics Data System}
}

@ARTICLE{WMAP_9yr_maps,
   author = {{Bennett}, C.~L. and {Larson}, D. and {Weiland}, J.~L. and {Jarosik}, N. and 
	{Hinshaw}, G. and {Odegard}, N. and {Smith}, K.~M. and {Hill}, R.~S. and 
	{Gold}, B. and {Halpern}, M. and {Komatsu}, E. and {Nolta}, M.~R. and 
	{Page}, L. and {Spergel}, D.~N. and {Wollack}, E. and {Dunkley}, J. and 
	{Kogut}, A. and {Limon}, M. and {Meyer}, S.~S. and {Tucker}, G.~S. and 
	{Wright}, E.~L.},
    title = "{Nine-year Wilkinson Microwave Anisotropy Probe (WMAP) Observations: Final Maps and Results}",
  journal = {\apjs},
archivePrefix = "arXiv",
   eprint = {1212.5225},
 keywords = {cosmic background radiation, cosmology: observations, dark matter, early universe, instrumentation: detectors, space vehicles, space vehicles: instruments, telescopes},
     year = 2013,
    month = oct,
   volume = 208,
      eid = {20},
    pages = {20},
      doi = {10.1088/0067-0049/208/2/20},
   adsurl = {http://adsabs.harvard.edu/abs/2013ApJS..208...20B},
  adsnote = {Provided by the SAO/NASA Astrophysics Data System}
}

@ARTICLE{Shaw:2013,
   author = {{Shaw}, J.~R. and {Sigurdson}, K. and {Pen}, U.-L. and {Stebbins}, A. and
	{Sitwell}, M.},
    title = "{All-sky Interferometry with Spherical Harmonic Transit Telescopes}",
  journal = {\apj},
archivePrefix = "arXiv",
   eprint = {1302.0327},
 primaryClass = "astro-ph.CO",
 keywords = {cosmology: observations, dark energy, large-scale structure of universe, methods: data analysis, radio continuum: general},
     year = 2014,
    month = feb,
   volume = 781,
      eid = {57},
    pages = {57},
      doi = {10.1088/0004-637X/781/2/57},
   adsurl = {http://adsabs.harvard.edu/abs/2014ApJ...781...57S},
  adsnote = {Provided by the SAO/NASA Astrophysics Data System}
}

%@ARTICLE{2015PhRvD..91h3514S,
%   author = {{Shaw}, J.~R. and {Sigurdson}, K. and {Sitwell}, M. and {Stebbins}, A. and 
%	{Pen}, U.-L.},
%    title = "{Coaxing cosmic 21 cm fluctuations from the polarized sky using m -mode analysis}",
%  journal = {\prd},
%archivePrefix = "arXiv",
%   eprint = {1401.2095},
% keywords = {Cosmology, Observational cosmology},
%     year = 2015,
%    month = apr,
%   volume = 91,
%   number = 8,
%      eid = {083514},
%    pages = {083514},
%      doi = {10.1103/PhysRevD.91.083514},
%   adsurl = {http://adsabs.harvard.edu/abs/2015PhRvD..91h3514S},
%  adsnote = {Provided by the SAO/NASA Astrophysics Data System}
%}
@article{shaw2015coaxing,
  title={Coaxing cosmic 21 cm fluctuations from the polarized sky using m-mode analysis},
  author={Shaw, J Richard and Sigurdson, Kris and Sitwell, Michael and Stebbins, Albert and Pen, Ue-Li},
  journal={Physical Review D},
  volume={91},
  number={8},
  pages={083514},
  year={2015},
  publisher={APS}
}

@ARTICLE{HaslamMap,
   author = {{Haslam}, C.~G.~T. and {Salter}, C.~J. and {Stoffel}, H. and
  {Wilson}, W.~E.},
    title = "{A 408 MHz all-sky continuum survey. II - The atlas of contour maps}",
  journal = {\aap},
 keywords = {ASTRONOMICAL MAPS, RADIO ASTRONOMY, ULTRAHIGH FREQUENCIES, GALACTIC STRUCTURE, RADIO TELESCOPES, RELIEF MAPS},
     year = 1982,
    month = jan,
   volume = 47,
    pages = {1},
   adsurl = {http://adsabs.harvard.edu/abs/1982A%26AS...47....1H},
  adsnote = {Provided by the SAO/NASA Astrophysics Data System}
}

@ARTICLE{MD2008,
   author = {{Miville-Desch{\^e}nes}, M.-A. and {Ysard}, N. and {Lavabre}, A. and
  {Ponthieu}, N. and {Mac{\'{\i}}as-P{\'e}rez}, J.~F. and {Aumont}, J. and
  {Bernard}, J.~P.},
    title = "{Separation of anomalous and synchrotron emissions using WMAP polarization data}",
  journal = {\aap},
archivePrefix = "arXiv",
   eprint = {0802.3345},
 keywords = {ISM: magnetic fields, radio continuum: ISM, turbulence, polarization, dust, extinction},
     year = 2008,
    month = nov,
   volume = 490,
    pages = {1093-1102},
      doi = {10.1051/0004-6361:200809484},
   adsurl = {http://adsabs.harvard.edu/abs/2008A%26A...490.1093M},
  adsnote = {Provided by the SAO/NASA Astrophysics Data System}
}
@ARTICLE{LaPorta2008,
   author = {{La Porta}, L. and {Burigana}, C. and {Reich}, W. and {Reich}, P.
  },
    title = "{The impact of Galactic synchrotron emission on CMB anisotropy measurements. I. Angular power spectrum analysis of total intensity all-sky surveys}",
  journal = {\aap},
archivePrefix = "arXiv",
   eprint = {0801.0547},
 keywords = {Galaxy: general, radiation mechanisms: non-thermal, methods: statistical, cosmic microwave background},
     year = 2008,
    month = mar,
   volume = 479,
    pages = {641-654},
      doi = {10.1051/0004-6361:20078435},
   adsurl = {http://adsabs.harvard.edu/abs/2008A%26A...479..641L},
  adsnote = {Provided by the SAO/NASA Astrophysics Data System}
}

@ARTICLE{SantosCoorayKnox,
   author = {{Santos}, M.~G. and {Cooray}, A. and {Knox}, L.},
    title = "{Multifrequency Analysis of 21 Centimeter Fluctuations from the Era of Reionization}",
  journal = {\apj},
   eprint = {arXiv:astro-ph/0408515},
 keywords = {Cosmology: Theory, Cosmology: Diffuse Radiation, Cosmology: Large-Scale Structure of Universe},
     year = 2005,
    month = jun,
   volume = 625,
    pages = {575-587},
      doi = {10.1086/429857},
   adsurl = {http://adsabs.harvard.edu/abs/2005ApJ...625..575S},
  adsnote = {Provided by the SAO/NASA Astrophysics Data System}
}

@ARTICLE{Brentjens2005,
   author = {{Brentjens}, M.~A. and {de Bruyn}, A.~G.},
    title = "{Faraday rotation measure synthesis}",
  journal = {\aap},
   eprint = {arXiv:astro-ph/0507349},
 keywords = {methods: data analysis, techniques: polarimetric, magnetic fields, polarization, ISM: magnetic fields, Cosmology: large-scale structure of Universe},
     year = 2005,
    month = oct,
   volume = 441,
    pages = {1217-1228},
      doi = {10.1051/0004-6361:20052990},
   adsurl = {http://adsabs.harvard.edu/abs/2005A%26A...441.1217B},
  adsnote = {Provided by the SAO/NASA Astrophysics Data System}
}

@ARTICLE{Oppermann2012,
   author = {{Oppermann}, N. and {Junklewitz}, H. and {Robbers}, G. and {Bell}, M.~R. and
  {En{\ss}lin}, T.~A. and {Bonafede}, A. and {Braun}, R. and {Brown}, J.~C. and
  {Clarke}, T.~E. and {Feain}, I.~J. and {Gaensler}, B.~M. and
  {Hammond}, A. and {Harvey-Smith}, L. and {Heald}, G. and {Johnston-Hollitt}, M. and
  {Klein}, U. and {Kronberg}, P.~P. and {Mao}, S.~A. and {McClure-Griffiths}, N.~M. and
  {O'Sullivan}, S.~P. and {Pratley}, L. and {Robishaw}, T. and
  {Roy}, S. and {Schnitzeler}, D.~H.~F.~M. and {Sotomayor-Beltran}, C. and
  {Stevens}, J. and {Stil}, J.~M. and {Sunstrum}, C. and {Tanna}, A. and
  {Taylor}, A.~R. and {Van Eck}, C.~L.},
    title = "{An improved map of the Galactic Faraday sky}",
  journal = {\aap},
archivePrefix = "arXiv",
   eprint = {1111.6186},
 primaryClass = "astro-ph.GA",
 keywords = {galaxies: magnetic fields, Galaxy: structure, ISM: magnetic fields, radio continuum: ISM, methods: data analysis, techniques: polarimetric},
     year = 2012,
    month = jun,
   volume = 542,
      eid = {A93},
    pages = {A93},
      doi = {10.1051/0004-6361/201118526},
   adsurl = {http://adsabs.harvard.edu/abs/2012A%26A...542A..93O},
  adsnote = {Provided by the SAO/NASA Astrophysics Data System}
}


@ARTICLE{2005ApJ...622..759G,
   author = {{G{\'o}rski}, K.~M. and {Hivon}, E. and {Banday}, A.~J. and 
	{Wandelt}, B.~D. and {Hansen}, F.~K. and {Reinecke}, M. and 
	{Bartelmann}, M.},
    title = "{HEALPix: A Framework for High-Resolution Discretization and Fast Analysis of Data Distributed on the Sphere}",
  journal = {\apj},
   eprint = {astro-ph/0409513},
 keywords = {Cosmology: Cosmic Microwave Background, Cosmology: Observations, Methods: Statistical},
     year = 2005,
    month = apr,
   volume = 622,
    pages = {759-771},
      doi = {10.1086/427976},
   adsurl = {http://adsabs.harvard.edu/abs/2005ApJ...622..759G},
  adsnote = {Provided by the SAO/NASA Astrophysics Data System}
}

@ARTICLE{2008MNRAS.388..247D,
   author = {{de Oliveira-Costa}, A. and {Tegmark}, M. and {Gaensler}, B.~M. and 
	{Jonas}, J. and {Landecker}, T.~L. and {Reich}, P.},
    title = "{A model of diffuse Galactic radio emission from 10 MHz to 100 GHz}",
  journal = {\mnras},
archivePrefix = "arXiv",
   eprint = {0802.1525},
 keywords = {methods: data analysis , astronomical data bases: miscellaneous , ISM: structure , diffuse radiation , radio continuum: ISM},
     year = 2008,
    month = jul,
   volume = 388,
    pages = {247-260},
      doi = {10.1111/j.1365-2966.2008.13376.x},
   adsurl = {http://adsabs.harvard.edu/abs/2008MNRAS.388..247D},
  adsnote = {Provided by the SAO/NASA Astrophysics Data System}
}


@ARTICLE{2011MNRAS.418..516G,
   author = {{Geil}, P.~M. and {Gaensler}, B.~M. and {Wyithe}, J.~S.~B.},
    title = "{Polarized foreground removal at low radio frequencies using rotation measure synthesis: uncovering the signature of hydrogen reionization}",
  journal = {\mnras},
archivePrefix = "arXiv",
   eprint = {1011.2321},
 keywords = {instrumentation: interferometers, techniques: polarimetric, cosmology: observations, cosmology: theory, diffuse radiation, radio continuum: general},
     year = 2011,
    month = nov,
   volume = 418,
    pages = {516-535},
      doi = {10.1111/j.1365-2966.2011.19509.x},
   adsurl = {http://adsabs.harvard.edu/abs/2011MNRAS.418..516G},
  adsnote = {Provided by the SAO/NASA Astrophysics Data System}
}

@ARTICLE{2008MNRAS.389.1319J,
   author = {{Jeli{\'c}}, V. and {Zaroubi}, S. and {Labropoulos}, P. and 
	{Thomas}, R.~M. and {Bernardi}, G. and {Brentjens}, M.~A. and 
	{de Bruyn}, A.~G. and {Ciardi}, B. and {Harker}, G. and {Koopmans}, L.~V.~E. and 
	{Pandey}, V.~N. and {Schaye}, J. and {Yatawatta}, S.},
    title = "{Foreground simulations for the LOFAR-epoch of reionization experiment}",
  journal = {\mnras},
archivePrefix = "arXiv",
   eprint = {0804.1130},
 keywords = {instrumentation: interferometers , cosmology: observation , cosmology: theory , diffuse radiation , radio continuum: general , radio lines: general},
     year = 2008,
    month = sep,
   volume = 389,
    pages = {1319-1335},
      doi = {10.1111/j.1365-2966.2008.13634.x},
   adsurl = {http://adsabs.harvard.edu/abs/2008MNRAS.389.1319J},
  adsnote = {Provided by the SAO/NASA Astrophysics Data System}
}

@ARTICLE{2014ApJ...794..171T,
   author = {{The Polarbear Collaboration: P.~A.~R.~Ade} and {Akiba}, Y. and {Anthony}, A.~E. and {Arnold}, K. and {Atlas}, M. and  et. al},
    title = "{A Measurement of the Cosmic Microwave Background B-mode Polarization Power Spectrum at Sub-degree Scales with POLARBEAR}",
  journal = {\apj},
archivePrefix = "arXiv",
   eprint = {1403.2369},
 keywords = {cosmic background radiation, cosmology: observations, large-scale structure of universe},
     year = 2014,
    month = oct,
   volume = 794,
      eid = {171},
    pages = {171},
      doi = {10.1088/0004-637X/794/2/171},
   adsurl = {http://adsabs.harvard.edu/abs/2014ApJ...794..171T},
  adsnote = {Provided by the SAO/NASA Astrophysics Data System}
}

@ARTICLE{2002ApJ...579..607T,
   author = {{Tucci}, M. and {Carretti}, E. and {Cecchini}, S. and {Nicastro}, L. and 
	{Fabbri}, R. and {Gaensler}, B.~M. and {Dickey}, J.~M. and {McClure-Griffiths}, N.~M.
	},
    title = "{Polarization Angular Spectra of Galactic Synchrotron Emission on Arcminute Scales}",
  journal = {\apj},
   eprint = {astro-ph/0207237},
 keywords = {Cosmology: Cosmic Microwave Background, Methods: Statistical, Polarization, Radio Continuum: ISM},
     year = 2002,
    month = nov,
   volume = 579,
    pages = {607-615},
      doi = {10.1086/342793},
   adsurl = {http://adsabs.harvard.edu/abs/2002ApJ...579..607T},
  adsnote = {Provided by the SAO/NASA Astrophysics Data System}
}


%@ARTICLE{2015arXiv150603474A,
%   author = {{Acosta-Pulido}, J.~A. and {Agudo}, I. and {Alberdi}, A. and 
%	{Alcolea}, J. and {Alfaro}, E.~J. and {et al.}
%	},
%    title = "{The Spanish Square Kilometre Array White Book}",
%  journal = {ArXiv e-prints},
%archivePrefix = "arXiv",
%   eprint = {1506.03474},
% primaryClass = "astro-ph.IM",
% keywords = {Astrophysics - Instrumentation and Methods for Astrophysics},
%     year = 2015,
%    month = jun,
%   adsurl = {http://adsabs.harvard.edu/abs/2015arXiv150603474A},
%  adsnote = {Provided by the SAO/NASA Astrophysics Data System}
%}

@ARTICLE{2008ApJ...680..981R,
       author = {{Robishaw}, Timothy and {Quataert}, Eliot and {Heiles}, Carl},
        title = "{Extragalactic Zeeman Detections in OH Megamasers}",
      journal = {\apj},
     keywords = {galaxies: magnetic fields, ISM: magnetic fields, magnetic fields,
        masers, polarization, radio lines: galaxies, Astrophysics},
         year = 2008,
        month = Jun,
       volume = {680},
        pages = {981-998},
          doi = {10.1086/588031},
archivePrefix = {arXiv},
       eprint = {0803.1832},
 primaryClass = {astro-ph},
       adsurl = {https://ui.adsabs.harvard.edu/\#abs/2008ApJ...680..981R},
      adsnote = {Provided by the SAO/NASA Astrophysics Data System}
}

@ARTICLE{2012A&A...540A..80B,
   author = {{Bell}, M.~R. and {En{\ss}lin}, T.~A.},
    title = "{Faraday synthesis. The synergy of aperture and rotation measure synthesis}",
  journal = {\aap},
archivePrefix = "arXiv",
   eprint = {1112.4175},
 primaryClass = "astro-ph.IM",
 keywords = {polarization, magnetic fields, methods: data analysis, techniques: interferometric, techniques: polarimetric},
     year = 2012,
    month = apr,
   volume = 540,
      eid = {A80},
    pages = {A80},
      doi = {10.1051/0004-6361/201118672},
   adsurl = {http://adsabs.harvard.edu/abs/2012A%26A...540A..80B},
  adsnote = {Provided by the SAO/NASA Astrophysics Data System}
}


@ARTICLE{ansah2018simulations,
  title={Simulations of systematic direction-dependent instrumental effects in intensity mapping experiments},
  author={Ansah-Narh, T. and Abdalla, F.~B and Smirnov, O.~M and Asad, K.~M.~B and Shaw, J.~R},
  journal={\mnras},
  volume={481},
  number={2},
  pages={2694--2710},
  year={2018},
  publisher={Oxford University Press}
}


@ARTICLE{Kogut2007,
   author = {{Kogut}, A. and others},
    title = "{Three-Year Wilkinson Microwave Anisotropy Probe (WMAP) Observations: Foreground Polarization}",
  journal = {\apj},
archivePrefix = "arXiv",
   eprint = {0704.3991},
 keywords = {Cosmology: Cosmic Microwave Background, ISM: Dust, Extinction, Polarization, Radio Continuum: ISM},
     year = 2007,
    month = aug,
   volume = 665,
    pages = {355-362},
      doi = {10.1086/519754},
   adsurl = {http://adsabs.harvard.edu/abs/2007ApJ...665..355K},
  adsnote = {Provided by the SAO/NASA Astrophysics Data System}
}


@ARTICLE{Planck_2015_maps,
   author = {{Planck Collaboration} and {Adam}, R. and {Ade}, P.~A.~R. and 
	{Aghanim}, N. and {Arnaud}, M. and {Ashdown}, M. and {Aumont}, J. and 
	{Baccigalupi}, C. and {Banday}, A.~J. and {Barreiro}, R.~B. and et al.},
    title = "{Planck 2015 results. VIII. High Frequency Instrument data processing: Calibration and maps}",
  journal = {\aap},
archivePrefix = "arXiv",
   eprint = {1502.01587},
 keywords = {cosmology: observations, cosmic background radiation, surveys, methods: data analysis},
     year = 2016,
    month = sep,
   volume = 594,
      eid = {A8},
    pages = {A8},
      doi = {10.1051/0004-6361/201525820},
   adsurl = {http://adsabs.harvard.edu/abs/2016A%26A...594A...8P},
  adsnote = {Provided by the SAO/NASA Astrophysics Data System}
}

@ARTICLE{1966MNRAS.133...67B,
   author = {{Burn}, B.~J.},
    title = "{On the depolarization of discrete radio sources by Faraday dispersion}",
  journal = {\mnras},
     year = 1966,
   volume = 133,
    pages = {67},
      doi = {10.1093/mnras/133.1.67},
   adsurl = {http://adsabs.harvard.edu/abs/1966MNRAS.133...67B},
  adsnote = {Provided by the SAO/NASA Astrophysics Data System}
}

@TECHREPORT{Brisken2003,
   author = {Brisken, W.},
   title = {A program for Cassegrain antenna modelling},
   institution = {http://packages.ubuntu.com/lucid/cassbeam},
   year = 2003,
   type = " A Cassegrain antenna simulator",
   number = " ",
}

@INPROCEEDINGS{2009wska.confE..31D,
   author = {{Dulwich}, F. and {Mort}, B.~J. and {Salvini}, S. and {Zarb Adami}, K. and 
	{Jones}, M.~E.},
    title = "{OSKAR: Simulating Digital Beamforming for the SKA Aperture Array}",
booktitle = {Wide Field Astronomy {\&} Technology for the Square Kilometre Array},
     year = 2009,
      eid = {31},
    pages = {31},
   adsurl = {http://adsabs.harvard.edu/abs/2009wska.confE..31D},
  adsnote = {Provided by the SAO/NASA Astrophysics Data System}
}


@inproceedings{mort2010oskar,
  title={OSKAR: Simulating digital beamforming for the SKA aperture array},
  author={Mort, Benjamin J and Dulwich, Fred and Salvini, Stefano and Adami, Kristian Zarb and Jones, Mike E},
  booktitle={Phased Array Systems and Technology (ARRAY), 2010 IEEE International Symposium on},
  pages={690--694},
  year={2010},
  organization={IEEE}
}

@ARTICLE{1996A&AS..117..137H,
   author = {{Hamaker}, J.~P. and {Bregman}, J.~D. and {Sault}, R.~J.},
    title = "{Understanding radio polarimetry. I. Mathematical foundations.}",
  journal = {\aaps},
 keywords = {METHODS: ANALYTICAL, METHODS: DATA ANALYSIS, TECHNIQUES: INTERFEROMETERS, TECHNIQUES: POLARIMETERS},
     year = 1996,
    month = may,
   volume = 117,
    pages = {137-147},
   adsurl = {http://adsabs.harvard.edu/abs/1996A%26AS..117..137H},
  adsnote = {Provided by the SAO/NASA Astrophysics Data System}
}

@article{woudt2013early,
  title={Early science with the Karoo Array Telescope test array KAT-7},
  author={Woudt, Patrick A and Fender, Rob P and Armstrong, Richard P and Carignan, Claude},
  journal={South African Journal of Science},
  volume={109},
  number={7-8},
  pages={01--02},
  year={2013},
  publisher={Academy of Science of South Africa}
}

@inproceedings{davidson2012meerkat,
  title={MeerKAT and SKA phase 1},
  author={Davidson, David B},
  booktitle={Antennas, Propagation \& EM Theory (ISAPE), 2012 10th International Symposium on},
  pages={1279--1282},
  year={2012},
  organization={IEEE}
 } 
  @article{booth2012overview,
  title={An overview of the MeerKAT project},
  author={Booth, RS and Jonas, JL},
  journal={African Skies},
  volume={16},
  pages={101},
  year={2012}
}

@article{foley2016engineering,
  title={Engineering and science highlights of the KAT-7 radio telescope},
  author={Foley, AR and others},
  journal={Monthly Notices of the Royal Astronomical Society},
  volume={460},
  number={2},
  pages={1664--1679},
  year={2016},
  publisher={Oxford University Press}
}

 @TECHREPORT{techreport-minimal,
   author = {Pogany, T.~K and Nadarajah, S.},
   title = {On the characteristic function of the generalized normal distribution},
   institution = {Probability and Statistics Group School of Mathematics, The University of Manchester},
   year = 2009,
   type = " Research Report",
   number = "18",
}

@TECHREPORT{techreport-minimal2,
   author = {Decker, F.-J},
   title = {Beam Distributions Beyond RMS},
   institution = {Standford Linear Accelerator Center, University of Stanford},
   year = 1994,
   type = "6th Workshop on Beam Instrumentation",
   
}

@ARTICLE{1948JOSA...38..671J,
   author = {{Jones}, R.~C.},
    title = "{New calculus for the treatment of optical systems. VII. Properties of the N-matrices}",
  journal = {Journal of the Optical Society of America (1917-1983)},
     year = 1948,
    month = aug,
   volume = 38,
    pages = {671},
   adsurl = {http://adsabs.harvard.edu/abs/1948JOSA...38..671J},
  adsnote = {Provided by the SAO/NASA Astrophysics Data System}
}
%% 61

@ARTICLE{1942JOSA...32..486J,
   author = {{Jones}, R.~C.},
    title = "{A new calculus for the treatment of optical systems. IV}",
  journal = {Journal of the Optical Society of America (1917-1983)},
     year = 1942,
    month = aug,
   volume = 32,
    pages = {486},
   adsurl = {http://adsabs.harvard.edu/abs/1942JOSA...32..486J},
  adsnote = {Provided by the SAO/NASA Astrophysics Data System}
}

@BOOK{1980poet.book.....B,
   author = {{Born}, M. and {Wolf}, E.},
    title = "{Principles of Optics Electromagnetic Theory of Propagation, Interference and Diffraction of Light}",
booktitle = {Principles of Optics Electromagnetic Theory of Propagation, Interference and Diffraction of Light by Max Born, Emil Wolf Oxford, GB: Pergamon Press, 1980},
     year = 1980,
   adsurl = {http://adsabs.harvard.edu/abs/1980poet.book.....B},
  adsnote = {Provided by the SAO/NASA Astrophysics Data System}
}

@TECHREPORT{2015Rick,
   author = {{Perley}, R. and {Sowinski}, K. and et al.},
   title = {Optimizing VLA Antenna Performance},
   institution = {},
   year = 2015,
   type = "EVLA Memo XXX"   
}

@ARTICLE{2016MNRAS.457.1796A,
   author = {{Abitbol}, M.~H. and {Hill}, J.~C. and {Johnson}, B.~R.},
    title = "{Foreground-induced biases in CMB polarimeter self-calibration}",
  journal = {\mnras},
archivePrefix = "arXiv",
   eprint = {1512.06834},
 keywords = {instrumentation: polarimeters, methods: data analysis, cosmic background radiation, cosmology: observations},
     year = 2016,
    month = apr,
   volume = 457,
    pages = {1796-1803},
      doi = {10.1093/mnras/stw030},
   adsurl = {http://adsabs.harvard.edu/abs/2016MNRAS.457.1796A},
  adsnote = {Provided by the SAO/NASA Astrophysics Data System}
}


@ARTICLE{2016A&A...588A..65K,
   author = {{Krachmalnicoff}, N. and {Baccigalupi}, C. and {Aumont}, J. and 
	{Bersanelli}, M. and {Mennella}, A.},
    title = "{Characterization of foreground emission on degree angular scales for CMB B-mode observations . Thermal dust and synchrotron signal from Planck and WMAP data}",
  journal = {\aap},
archivePrefix = "arXiv",
   eprint = {1511.00532},
 keywords = {cosmic background radiation, cosmology: observations, submillimeter: ISM, polarization, diffuse radiation},
     year = 2016,
    month = apr,
   volume = 588,
      eid = {A65},
    pages = {A65},
      doi = {10.1051/0004-6361/201527678},
   adsurl = {http://adsabs.harvard.edu/abs/2016A%26A...588A..65K},
  adsnote = {Provided by the SAO/NASA Astrophysics Data System}
}

@ARTICLE{2006NewAR..50..854S,
   author = {{Souradeep}, T. and {Saha}, R. and {Jain}, P.},
    title = "{Angular power spectrum of CMB anisotropy from WMAP}",
  journal = {\nar},
   eprint = {astro-ph/0608199},
 keywords = {Cosmology, Theory, Cosmic microwave background},
     year = 2006,
    month = dec,
   volume = 50,
    pages = {854-860},
      doi = {10.1016/j.newar.2006.09.009},
   adsurl = {http://adsabs.harvard.edu/abs/2006NewAR..50..854S},
  adsnote = {Provided by the SAO/NASA Astrophysics Data System}
}


@ARTICLE{2006ApJ...645L..89S,
   author = {{Saha}, R. and {Jain}, P. and {Souradeep}, T.},
    title = "{A Blind Estimation of the Angular Power Spectrum of CMB Anisotropy from WMAP}",
  journal = {\apjl},
   eprint = {astro-ph/0508383},
 keywords = {Cosmology: Cosmic Microwave Background, Cosmology: Observations},
     year = 2006,
    month = jul,
   volume = 645,
    pages = {L89-L92},
      doi = {10.1086/506321},
   adsurl = {http://adsabs.harvard.edu/abs/2006ApJ...645L..89S},
  adsnote = {Provided by the SAO/NASA Astrophysics Data System}
}

@ARTICLE{1998PhRvD..57.5273W,
   author = {{White}, M.},
    title = "{Remark on the estimation of angular power spectra in the presence of foregrounds}",
  journal = {\prd},
   eprint = {astro-ph/9802211},
 keywords = {Background radiations, Particle-theory and field-theory models of the early Universe},
     year = 1998,
    month = apr,
   volume = 57,
    pages = {5273-5275},
      doi = {10.1103/PhysRevD.57.5273},
   adsurl = {http://adsabs.harvard.edu/abs/1998PhRvD..57.5273W},
  adsnote = {Provided by the SAO/NASA Astrophysics Data System}
}

@book{1997Schramm,
    author    = "Schramm, D.~N. and Galeotti, P.", 
    title     = "Generation of Cosmological Large-Scale Structure",
    year      = "1997",
    publisher = "Kluwer Academic",
    address   = "Netherlands"    
 }
 
 
@ARTICLE{2014MNRAS.444.3183A,
   author = {{Alonso}, D. and {Ferreira}, P.~G. and {Santos}, M.~G.},
    title = "{Fast simulations for intensity mapping experiments}",
  journal = {\mnras},
archivePrefix = "arXiv",
   eprint = {1405.1751},
 keywords = {large-scale structure of Universe, radio lines: galaxies},
     year = 2014,
    month = nov,
   volume = 444,
    pages = {3183-3197},
      doi = {10.1093/mnras/stu1666},
   adsurl = {http://adsabs.harvard.edu/abs/2014MNRAS.444.3183A},
  adsnote = {Provided by the SAO/NASA Astrophysics Data System}
}

@inproceedings{taylor2017mightee,
  title={MIGHTEE: The MeerKAT International GHz Tiered Extragalactic Exploration},
  author={Taylor, A Russ and Jarvis, Matt},
  booktitle={IOP Conference Series: Materials Science and Engineering},
  volume={198},
  number={1},
  pages={012014},
  year={2017},
  organization={IOP Publishing}
}

@inproceedings{Santos:2017qgq,
      author         = "Santos, Mario G. and others",
      title          = "{MeerKLASS: MeerKAT Large Area Synoptic Survey}",
      booktitle      = "{Proceedings, MeerKAT Science: On the Pathway to the SKA
                        (MeerKAT2016): Stellenbosch, South Africa, May 25-27,
                        2016}",
      collaboration  = "MeerKLASS",
      year           = "2017",
      eprint         = "1709.06099",
      archivePrefix  = "arXiv",
      primaryClass   = "astro-ph.CO",
      SLACcitation   = "%%CITATION = ARXIV:1709.06099;%%"
}

@ARTICLE{2018PhyW...31h...8M,
       author = {{Makoni}, Munyaradzi},
        title = "{South Africa inaugurates MeerKAT radio telescope}",
      journal = {Physics World},
         year = 2018,
        month = Aug,
       volume = {31},
        pages = {8},
          doi = {10.1088/2058-7058/31/8/12},
       adsurl = {https://ui.adsabs.harvard.edu/\#abs/2018PhyW...31h...8M},
      adsnote = {Provided by the SAO/NASA Astrophysics Data System}
}

@INPROCEEDINGS{2018SPIE10704E..1UR,
       author = {{Renil}, Rosly and {van Rooyen}, Ruby},
        title = "{MeerKAT operations in the era of large astronomical telescopes}",
    booktitle = {Society of Photo-Optical Instrumentation Engineers (SPIE) Conference Series},
         year = 2018,
       volume = {10704},
        month = Jul,
          eid = {107041U},
        pages = {107041U},
          doi = {10.1117/12.2312482},
       adsurl = {https://ui.adsabs.harvard.edu/\#abs/2018SPIE10704E..1UR},
      adsnote = {Provided by the SAO/NASA Astrophysics Data System}
}

@article{jonas2018meerkat,
  title={The MeerKAT radio telescope},
  author={Jonas, Justin and Team, MeerKAT},
  journal={MeerKAT Science: On the Pathway to the SKA (MeerKAT2016), eds Taylor P, Camilo F, Leeuw L, Moodley K (International School for Advanced Studies, Trieste, Italy)},
  volume={277},
  number={001},
  year={2018}
}


@article{asad2018,
  title={Primary beam effects of radio astronomy antennas â€“ II. Modelling the MeerKAT L-band beam using holography},
  author={K. M. B. Asad and J. N. Girard and M. de Villiers and T. Ansah-Narh and K. Iheanetu and O. Smirnov and M. G. Santos and R. Lehmensiek and
K. Thorat and S. Makhathini and others},
  journal={\mnras, in preparation},
  year={2018}
}

@INPROCEEDINGS{7305152, 
author={M. de Villiers}, 
booktitle={2015 IEEE International Symposium on Antennas and Propagation USNC/URSI National Radio Science Meeting}, 
title={Holographic measurement of KAT-7 primary beams}, 
year={2015}, 
volume={}, 
number={}, 
pages={1526-1527}, 
abstract={The Karoo Array Telescope (KAT-7) is an L-band radio interferometric telescope that is built as a precursor to the MeerKAT by SKA SA. Full polarisation primary beam patterns of such instruments have attracted interest recently for use in modern imaging algorithms. This paper describes an advance in the holographic technique that is used to measure the primary beam patterns of the KAT-7 antennas at L-band. The proposed calibration method does not need time-consuming ontarget pointings which are conventionally required, and achieves this by modelling the high gain region of the beam. Frequency dependent beam squint characteristics are encountered, which provides additional motivation for the use of the technique.}, 
keywords={antenna radiation patterns;calibration;electromagnetic wave polarisation;holography;KAT-7 antennas;KAT-7 primary beams;L-band radio interferometric telescope;calibration method;full polarisation primary beam patterns;holographic measurement;Africa;Antennas;Mathematical model;Time measurement}, 
doi={10.1109/APS.2015.7305152}, 
ISSN={1522-3965}, 
month={July},
}

@ARTICLE{1988A&A...190..353E,
   author = {{Emerson}, D.~T. and {Graeve}, R.},
    title = "{The reduction of scanning noise in raster scanned data}",
  journal = {\aap},
 keywords = {Image Processing, Instrument Errors, Noise Reduction, Radio Astronomy, Raster Scanning, Astronomical Maps, Fourier Transformation},
     year = 1988,
    month = jan,
   volume = 190,
    pages = {353-358},
   adsurl = {http://adsabs.harvard.edu/abs/1988A%26A...190..353E},
  adsnote = {Provided by the SAO/NASA Astrophysics Data System}
}

@ARTICLE{2015arXiv150607396F,
   author = {{Ferreira}, C. and {Lopez}, J.~L. and {Navarro}, R. and {Perez Sinusia}, E.
	},
    title = "{Orthogonal systems of Zernike type in polygons and polygonal facets}",
  journal = {ArXiv e-prints},
archivePrefix = "arXiv",
   eprint = {1506.07396},
 primaryClass = "astro-ph.IM",
 keywords = {Astrophysics - Instrumentation and Methods for Astrophysics, Mathematics - Numerical Analysis, Physics - Optics, 41A10, 41A63, 78M99, 85-08},
     year = 2015,
    month = jun,
   adsurl = {http://adsabs.harvard.edu/abs/2015arXiv150607396F},
  adsnote = {Provided by the SAO/NASA Astrophysics Data System}
}

@article{charman2005wavefront,
  title={Wavefront technology: past, present and future},
  author={Charman, WN},
  journal={Contact Lens and Anterior Eye},
  volume={28},
  number={2},
  pages={75--92},
  year={2005},
  publisher={Elsevier}
}

%% R132
@article{wyant1992basic,
  title={Basic wavefront aberration theory for optical metrology},
  author={Wyant, James C and Creath, Katherine},
  journal={Applied optics and optical engineering},
  volume={11},
  number={part 2},
  pages={28--39},
  year={1992},
  publisher={Academic New York}
}

@article{campbell2003new,
  title={A new method for describing the aberrations of the eye using Zernike polynomials},
  author={Campbell, Charles E},
  journal={Optometry \& Vision Science},
  volume={80},
  number={1},
  pages={79--83},
  year={2003},
  publisher={LWW}
}

%% 78
@article{lakshminarayanan2011zernike,
  title={Zernike polynomials: a guide},
  author={Lakshminarayanan, Vasudevan and Fleck, Andre},
  journal={Journal of Modern Optics},
  volume={58},
  number={7},
  pages={545--561},
  year={2011},
  publisher={Taylor \& Francis}
}


@ARTICLE{1976JOSA...66..207N,
   author = {{Noll}, R.~J.},
    title = "{Zernike polynomials and atmospheric turbulence}",
  journal = {Journal of the Optical Society of America (1917-1983)},
 keywords = {Atmospheric Optics, Atmospheric Turbulence, Polynomials, Turbulence Effects, Wave Front Deformation, Aberration, Kolmogoroff Theory, Matrices (Mathematics), Optical Correction Procedure, Statistical Analysis},
     year = 1976,
    month = mar,
   volume = 66,
    pages = {207-211},
   adsurl = {http://adsabs.harvard.edu/abs/1976JOSA...66..207N},
  adsnote = {Provided by the SAO/NASA Astrophysics Data System}
}

@ARTICLE{2016A&A...594A..10P,
       author = {{Planck Collaboration} and {Adam}, R. and {Ade}, P.~A.~R. and
         {Aghanim}, N. and {Alves}, M.~I.~R. and {Arnaud}, M. and {Ashdown}, M. and
         {Aumont}, J. and {Baccigalupi}, C. and {Banday}, A.~J. and
         {Barreiro}, R.~B. and {Bartlett}, J.~G. and {Bartolo}, N. and
         {Battaner}, E. and {Benabed}, K. and {Beno{\^\i}t}, A. and
         {Benoit-L{\'e}vy}, A. and {Bernard}, J. -P. and {Bersanelli}, M. and
         {Bielewicz}, P. and {Bock}, J.~J. and {Bonaldi}, A. and {Bonavera}, L. and
         {Bond}, J.~R. and {Borrill}, J. and {Bouchet}, F.~R. and
         {Boulanger}, F. and {Bucher}, M. and {Burigana}, C. and
         {Butler}, R.~C. and {Calabrese}, E. and {Cardoso}, J. -F. and
         {Catalano}, A. and {Challinor}, A. and {Chamballu}, A. and
         {Chary}, R. -R. and {Chiang}, H.~C. and {Christensen}, P.~R. and
         {Clements}, D.~L. and {Colombi}, S. and {Colombo}, L.~P.~L. and
         {Combet}, C. and {Couchot}, F. and {Coulais}, A. and {Crill}, B.~P. and
         {Curto}, A. and {Cuttaia}, F. and {Danese}, L. and {Davies}, R.~D. and
         {Davis}, R.~J. and {de Bernardis}, P. and {de Rosa}, A. and
         {de Zotti}, G. and {Delabrouille}, J. and {D{\'e}sert}, F. -X. and
         {Dickinson}, C. and {Diego}, J.~M. and {Dole}, H. and {Donzelli}, S. and
         {Dor{\'e}}, O. and {Douspis}, M. and {Ducout}, A. and {Dupac}, X. and
         {Efstathiou}, G. and {Elsner}, F. and {En{\ss}lin}, T.~A. and
         {Eriksen}, H.~K. and {Falgarone}, E. and {Fergusson}, J. and
         {Finelli}, F. and {Forni}, O. and {Frailis}, M. and {Fraisse}, A.~A. and
         {Franceschi}, E. and {Frejsel}, A. and {Galeotta}, S. and {Galli}, S. and
         {Ganga}, K. and {Ghosh}, T. and {Giard}, M. and
         {Giraud-H{\'e}raud}, Y. and {Gjerl{\o}w}, E. and
         {Gonz{\'a}lez-Nuevo}, J. and {G{\'o}rski}, K.~M. and {Gratton}, S. and
         {Gregorio}, A. and {Gruppuso}, A. and {Gudmundsson}, J.~E. and
         {Hansen}, F.~K. and {Hanson}, D. and {Harrison}, D.~L. and {Helou}, G. and
         {Henrot-Versill{\'e}}, S. and {Hern{\'a}ndez-Monteagudo}, C. and
         {Herranz}, D. and {Hildebrandt}, S.~R. and {Hivon}, E. and
         {Hobson}, M. and {Holmes}, W.~A. and {Hornstrup}, A. and {Hovest}, W. and
         {Huffenberger}, K.~M. and {Hurier}, G. and {Jaffe}, A.~H. and
         {Jaffe}, T.~R. and {Jones}, W.~C. and {Juvela}, M. and
         {Keih{\"a}nen}, E. and {Keskitalo}, R. and {Kisner}, T.~S. and
         {Kneissl}, R. and {Knoche}, J. and {Kunz}, M. and {Kurki-Suonio}, H. and
         {Lagache}, G. and {L{\"a}hteenm{\"a}ki}, A. and {Lamarre}, J. -M. and
         {Lasenby}, A. and {Lattanzi}, M. and {Lawrence}, C.~R. and
         {Le Jeune}, M. and {Leahy}, J.~P. and {Leonardi}, R. and
         {Lesgourgues}, J. and {Levrier}, F. and {Liguori}, M. and
         {Lilje}, P.~B. and {Linden-V{\o}rnle}, M. and {L{\'o}pez-Caniego}, M. and
         {Lubin}, P.~M. and {Mac{\'\i}as-P{\'e}rez}, J.~F. and {Maggio}, G. and
         {Maino}, D. and {Mandolesi}, N. and {Mangilli}, A. and {Maris}, M. and
         {Marshall}, D.~J. and {Martin}, P.~G. and
         {Mart{\'\i}nez-Gonz{\'a}lez}, E. and {Masi}, S. and {Matarrese}, S. and
         {McGehee}, P. and {Meinhold}, P.~R. and {Melchiorri}, A. and
         {Mendes}, L. and {Mennella}, A. and {Migliaccio}, M. and {Mitra}, S. and
         {Miville-Desch{\^e}nes}, M. -A. and {Moneti}, A. and {Montier}, L. and
         {Morgante}, G. and {Mortlock}, D. and {Moss}, A. and {Munshi}, D. and
         {Murphy}, J.~A. and {Naselsky}, P. and {Nati}, F. and {Natoli}, P. and
         {Netterfield}, C.~B. and {N{\o}rgaard-Nielsen}, H.~U. and
         {Noviello}, F. and {Novikov}, D. and {Novikov}, I. and {Orlando}, E. and
         {Oxborrow}, C.~A. and {Paci}, F. and {Pagano}, L. and {Pajot}, F. and
         {Paladini}, R. and {Paoletti}, D. and {Partridge}, B. and {Pasian}, F. and
         {Patanchon}, G. and {Pearson}, T.~J. and {Perdereau}, O. and
         {Perotto}, L. and {Perrotta}, F. and {Pettorino}, V. and
         {Piacentini}, F. and {Piat}, M. and {Pierpaoli}, E. and
         {Pietrobon}, D. and {Plaszczynski}, S. and {Pointecouteau}, E. and
         {Polenta}, G. and {Pratt}, G.~W. and {Pr{\'e}zeau}, G. and
         {Prunet}, S. and {Puget}, J. -L. and {Rachen}, J.~P. and
         {Reach}, W.~T. and {Rebolo}, R. and {Reinecke}, M. and
         {Remazeilles}, M. and {Renault}, C. and {Renzi}, A. and
         {Ristorcelli}, I. and {Rocha}, G. and {Rosset}, C. and {Rossetti}, M. and
         {Roudier}, G. and {Rubi{\~n}o-Mart{\'\i}n}, J.~A. and {Rusholme}, B. and
         {Sandri}, M. and {Santos}, D. and {Savelainen}, M. and {Savini}, G. and
         {Scott}, D. and {Seiffert}, M.~D. and {Shellard}, E.~P.~S. and
         {Spencer}, L.~D. and {Stolyarov}, V. and {Stompor}, R. and
         {Strong}, A.~W. and {Sudiwala}, R. and {Sunyaev}, R. and {Sutton}, D. and
         {Suur-Uski}, A. -S. and {Sygnet}, J. -F. and {Tauber}, J.~A. and
         {Terenzi}, L. and {Toffolatti}, L. and {Tomasi}, M. and {Tristram}, M. and
         {Tucci}, M. and {Tuovinen}, J. and {Umana}, G. and {Valenziano}, L. and
         {Valiviita}, J. and {Van Tent}, F. and {Vielva}, P. and {Villa}, F. and
         {Wade}, L.~A. and {Wandelt}, B.~D. and {Wehus}, I.~K. and
         {Wilkinson}, A. and {Yvon}, D. and {Zacchei}, A. and {Zonca}, A.},
        title = "{Planck 2015 results. X. Diffuse component separation: Foreground maps}",
      journal = {\aap},
     keywords = {ISM: general, cosmology: observations, polarization, cosmic background radiation, diffuse radiation, Galaxy: general, Astrophysics - Cosmology and Nongalactic Astrophysics},
         year = "2016",
        month = "Sep",
       volume = {594},
          eid = {A10},
        pages = {A10},
          doi = {10.1051/0004-6361/201525967},
archivePrefix = {arXiv},
       eprint = {1502.01588},
 primaryClass = {astro-ph.CO},
       adsurl = {https://ui.adsabs.harvard.edu/\#abs/2016A&A...594A..10P},
      adsnote = {Provided by the SAO/NASA Astrophysics Data System}
}

%%
@ARTICLE{2011PhRvL.106t1101A,
   author = {{Adriani}, O. and {Barbarino}, G.~C. and {Bazilevskaya}, G.~A. and 
	{Bellotti}, R. and {Boezio}, M. and {Bogomolov}, E.~A. and {Bongi}, M. and 
	{Bonvicini}, V. and {Borisov}, S. and {Bottai}, S. and {Bruno}, A. and 
	{Cafagna}, F. and {Campana}, D. and {Carbone}, R. and {Carlson}, P. and 
	{Casolino}, M. and {Castellini}, G. and {Consiglio}, L. and 
	{de Pascale}, M.~P. and {de Santis}, C. and {de Simone}, N. and 
	{di Felice}, V. and {Galper}, A.~M. and {Gillard}, W. and {Grishantseva}, L. and 
	{Jerse}, G. and {Karelin}, A.~V. and {Koldashov}, S.~V. and 
	{Krutkov}, S.~Y. and {Kvashnin}, A.~N. and {Leonov}, A. and 
	{Malakhov}, V. and {Malvezzi}, V. and {Marcelli}, L. and {Mayorov}, A.~G. and 
	{Menn}, W. and {Mikhailov}, V.~V. and {Mocchiutti}, E. and {Monaco}, A. and 
	{Mori}, N. and {Nikonov}, N. and {Osteria}, G. and {Palma}, F. and 
	{Papini}, P. and {Pearce}, M. and {Picozza}, P. and {Pizzolotto}, C. and 
	{Ricci}, M. and {Ricciarini}, S.~B. and {Rossetto}, L. and {Sarkar}, R. and 
	{Simon}, M. and {Sparvoli}, R. and {Spillantini}, P. and {Stochaj}, S.~J. and 
	{Stockton}, J.~C. and {Stozhkov}, Y.~I. and {Vacchi}, A. and 
	{Vannuccini}, E. and {Vasilyev}, G. and {Voronov}, S.~A. and 
	{Wu}, J. and {Yurkin}, Y.~T. and {Zampa}, G. and {Zampa}, N. and 
	{Zverev}, V.~G.},
    title = "{Cosmic-Ray Electron Flux Measured by the PAMELA Experiment between 1 and 625 GeV}",
  journal = {Physical Review Letters},
archivePrefix = "arXiv",
   eprint = {1103.2880},
 primaryClass = "astro-ph.HE",
 keywords = {Cosmic rays, Dark matter, Neutrino muon pion and other elementary particles, cosmic rays, Composition energy spectra and interactions},
     year = 2011,
    month = may,
   volume = 106,
   number = 20,
      eid = {201101},
    pages = {201101},
      doi = {10.1103/PhysRevLett.106.201101},
   adsurl = {http://adsabs.harvard.edu/abs/2011PhRvL.106t1101A},
  adsnote = {Provided by the SAO/NASA Astrophysics Data System}
}

%@ARTICLE{2008A&A...490.1093M,
%   author = {{Miville-Desch{\^e}nes}, M.-A. and {Ysard}, N. and {Lavabre}, A. and 
%	{Ponthieu}, N. and {Mac{\'{\i}}as-P{\'e}rez}, J.~F. and {Aumont}, J. and 
%	{Bernard}, J.~P.},
%    title = "{Separation of anomalous and synchrotron emissions using WMAP polarization data}",
%  journal = {\aap},
%archivePrefix = "arXiv",
%   eprint = {0802.3345},
% keywords = {ISM: magnetic fields, radio continuum: ISM, turbulence, polarization, dust, extinction},
%     year = 2008,
%    month = nov,
%   volume = 490,
%    pages = {1093-1102},
%      doi = {10.1051/0004-6361:200809484},
%   adsurl = {http://adsabs.harvard.edu/abs/2008A%26A...490.1093M},
%  adsnote = {Provided by the SAO/NASA Astrophysics Data System}
%}
%%

%@article{haslam1982,
%author = {Haslam, C.G.T. and Salter, C.J. and Stoffel, H. and Wilson, W.E.},
%title = {A 408 MHz all-sky continuum survey. II. The atlas of contour maps},
%journal = {A \& AS},
%volume = {47},
%year = {1982},
%month = jan,
%%number = {47},
%pages = {1--142}
%%eprint = {1310.8144},
%%eprinttype   = {arxiv},
%%Url =  {http://ieeexplore.ieee.org/xpl/articleDetails.jsp?arnumber=6051208}
%}

@ARTICLE{1981A&A...100..209H,
   author = {{Haslam}, C.~G.~T. and {Klein}, U. and {Salter}, C.~J. and {Stoffel}, H. and 
	{Wilson}, W.~E. and {Cleary}, M.~N. and {Cooke}, D.~J. and {Thomasson}, P.
	},
    title = "{A 408 MHz all-sky continuum survey. I - Observations at southern declinations and for the North Polar region}",
  journal = {\aap},
 keywords = {All Sky Photography, Continuous Spectra, Galactic Structure, Radio Astronomy, Astronomical Maps, Calibrating, Data Reduction, Northern Hemisphere, Very High Frequencies},
     year = 1981,
    month = jul,
   volume = 100,
    pages = {209-219},
   adsurl = {http://adsabs.harvard.edu/abs/1981A%26A...100..209H},
  adsnote = {Provided by the SAO/NASA Astrophysics Data System}
}

